4298 5506
992 304 1043 313 .-
1098 264 1247 332 19..

284 477 368 541 undo
390 499 427 540 oa
449 483 557 539 uxoria
577 478 634 558 sit,
666 486 720 538 out
751 477 782 537 in
807 478 877 558 ipsa
899 475 1018 557 aliquid
1039 475 1211 549 addubitat,
1233 479 1287 538 aut
1310 495 1381 537 cam
1403 474 1552 561 quiddam
1572 475 1737 539 insolitum
1760 484 1791 539 ct
1813 493 1963 540 arcamun

286 599 480 661 domonshut
500 596 661 662 lmlmisso.
687 599 728 658 ita
748 606 784 658 ut
805 593 948 658 Socratos
971 614 1052 665 cain,
1071 615 1168 678 quam
1191 594 1252 657 sibi
1275 594 1333 678 [ac]
1358 596 1512 658 divinitus
1535 596 1650 658 aditam
1672 598 1861 678 tompcstiuc
1884 597 1964 660 acci-

282 717 394 800 piohat.
453 722 463 789 ll
479 717 578 801 quid?
594 726 603 792 ΙΙ
641 717 726 799 qnod
762 715 911 798 oquidom
949 713 1080 777 arbitror
1114 735 1178 778 non
1208 715 1300 777 modo
1331 714 1462 777 auribus
1489 736 1564 778 oum
1595 736 1707 778 vcrum
1736 718 1831 779 otiam
1865 718 1966 780 oculis
1990 719 2030 781 58

283 839 375 920 signa
404 838 569 900 dacmouis
600 838 650 899 sui
682 854 861 917 usurpassc.
907 854 980 896 uam
1009 834 1206 918 troqucntius
1236 855 1300 897 nou
1332 834 1431 918 lprao]
1453 854 1564 898 vocito]
1595 836 1650 899 sod
1672 839 1800 920 signum
1821 837 1967 901 (livinum

242 956 344 1020 osmi
369 957 510 1021 oblatum
537 976 610 1040 pnao
641 975 675 1017 so
703 954 828 1018 lorobat.
874 953 904 1017 id
933 956 1061 1037 signum
1083 959 1188 1037 potest
1215 960 1246 1017 ot
1266 956 1367 1038 ipsius
1390 957 1553 1018 daonnmis
1576 958 1700 1039 specics
1720 958 1838 1037 fuisso,
1872 978 1966 1041 quam

285 1078 372 1141 solus
402 1076 544 1139 Socratas
572 1080 727 1148 conuocat,
758 1077 802 1138 ita
832 1081 866 1137 ut
890 1073 1081 1137 Homoricus
1113 1074 1251 1138 Achillas
1282 1062 1468 1138 Minervam.
1512 1075 1604 1139 crcdo
1633 1076 1800 1161 plerosquo
1822 1083 1966 1141 vestrum

285 1197 359 1275 hoc,
388 1194 472 1279 quod
502 1195 665 1257 commodo
695 1195 777 1274 dixi,
810 1195 1011 1256 cunctantius
1041 1193 1167 1256 crcdcrc
1196 1200 1227 1256 ot
1254 1195 1405 1275 inpendio
1432 1197 1539 1259 minari
1564 1197 1696 1259 formam
1724 1196 1888 1261 daemonis
1912 1197 1968 1262 So·

286 1319 360 1379 crati
392 1319 558 1379 visitatam.
605 1320 637 1378 at.
665 1316 751 1377 onim
781 1320 889 1378 contra
914 1313 1140 1397 Pythagoricos
1172 1316 1278 1377 niliaci
1306 1314 1424 1397 oppido
1454 1315 1581 1393 solitoS,
1611 1319 1639 1379 si
1670 1318 1743 1400 quis
1776 1337 1810 1381 sc
1839 1325 1969 1403 nogarot
1994 1324 2051 1381 107

287 1457 438 1519 nmquam
460 1437 580 1499 vidisso
603 1435 806 1513 (ladmonem,
830 1437 921 1513 satis,
945 1434 1240 1513 ul1·oo1·‚idouous
1263 1441 1371 1497 auctor
1394 1438 1442 1496 ost
1464 1435 1659 1499 Aristotclos
1707 1436 1791 1520 quod
1814 1438 1842 1499 si
1863 1439 1967 1500 cuiuis
1992 1440 2031 1501 59

226 1559 263 1619 10
285 1562 387 1637 potost
410 1558 539 1619 anonim
569 1556 699 1618 facultas
729 1554 963 1637 contemplumli
986 1554 1126 1617 divimun
1152 1554 1305 1637 effigium,
1334 1574 1390 1617 cur
1417 1575 1481 1618 non
1509 1556 1650 1637 adprimo
1679 1559 1816 1639 potnorit
1849 1556 1967 1621 Socrati

286 1680 468 1759 intingunt,
493 1694 588 1758 quom
611 1677 713 1738 cuivis
737 1675 933 1756 amplissimo
960 1675 1083 1737 numini
1107 1676 1281 1756 sapiontiao
1302 1674 1439 1758 dignitas
1461 1678 1668 1758 coaequandi
1695 1678 1774 1740 nihil
1807 1684 1856 1741 cst
1882 1680 1967 1740 onim

285 1798 346 1859 doo
374 1795 511 1859 similius
542 1801 572 1857 ct
601 1796 719 1875 gratius
749 1815 844 1877 quam
872 1796 921 1856 vir
947 1795 1053 1857 animo
1085 1794 1221 1875 poliocto
1244 1793 1368 1875 bonus,
1400 1798 1455 1879 qui
1485 1797 1667 1861 hominibus
1700 1801 1813 1863 ootmis
1851 1803 1963 1871 lltamll

286 1919 453 1997 antecellit,
476 1938 571 2001 quam
590 1920 657 2001 ipso
679 1938 696 1980 a
719 1918 779 1981 diis
802 1916 1021 1981 inmortalibus
1045 1917 1145 1979 distat.

413 2036 498 2113 Quin
520 2039 625 2120 potius
652 2058 708 2100 nos
740 2057 868 2120 quoquc
896 2038 1032 2100 Socratis
1055 2037 1201 2120 oxomplo
1230 2043 1260 2101 ct
1282 2040 1580 2101 comnununationo
1608 2040 1761 2120 criginnu·
1783 2057 1820 2100 ac
1841 2057 1900 2100 nos
1922 2056 1970 2097 so·
1993 2036 2033 2098 oo

226 2159 263 2219 15
287 2157 389 2221 cnudo
412 2158 515 2221 studio
537 2157 754 2240 philosophias
770 2158 793 2239 l
809 2159 877 2240 pari
901 2158 1053 2221 similium
1076 2160 1243 2221 numinum
1267 2162 1416 2221 cau‘ontos
1438 2159 1676 2241 pormittimus‘?
1700 2158 1738 2220 do
1759 2177 1822 2240 quo
1839 2158 1968 2241 quidem
1985 2142 2037 2183 ³⁸¹

288 2280 394 2341 noscio
418 2299 482 2361 qua
510 2281 631 2341 rationo
656 2278 846 2360 dhapimur3
878 2286 909 2341 ct
938 2279 1016 2341 nihil
1039 2275 1141 2361 aoquo
1163 2280 1259 2341 miror
1282 2299 1394 2361 quam,
1420 2297 1492 2341 cum
1518 2298 1628 2341 omncs
1651 2283 1682 2340 ot
1703 2280 1834 2361 cupiant
1851 2280 1967 2361 optimo
1992 2283 2050 2339 168

288 2400 396 2461 vivom
419 2404 450 2461 ct
474 2399 575 2461 sciant
600 2418 662 2459 non
692 2398 752 2460 olio
777 2418 811 2461 ro
835 2419 931 2481 qumn
960 2400 1066 2461 alliano
1088 2400 1154 2461 uiui
1180 2398 1327 2461 noctiani
1351 2417 1444 2481 posso
1467 2401 1563 2481 quui,
1597 2406 1606 2470 ll
1623 2402 1657 2461 ut
1671 2402 1680 2469 11
1717 2401 1834 2480 optimc
1867 2402 1967 2479 viano,

287 2520 413 2580 animus
444 2517 597 2580 colendus
627 2519 686 2598 sit,
713 2524 818 2580 hicnon
846 2520 988 2581 altimum
1018 2538 1111 2581 suum
1143 2538 1205 2579 uon
1235 2518 1346 2580 colant.
1391 2519 1473 2579 atsi
1496 2519 1569 2601 quis
1593 2519 1667 2581 volit
1696 2522 1807 2581 acriton
1829 2538 1968 2599 commo,

289 2638 371 2699 oculi
394 2638 526 2700 cinandi
546 2646 631 2717 sunt,
654 2637 771 2721 quihus
794 2640 948 2713 connitum
972 2638 1100 2700 sinclis
1123 2639 1293 2718 pernicitcr
1314 2657 1450 2708 cunano,
1472 2637 1568 2721 podos
1587 2640 1718 2702 curandi
1741 2642 1827 2720 sunt,
1850 2637 1967 2722 quibus

226 2757 266 2818 20
289 2757 441 2833 (omitum
469 2757 576 2819 itidom
600 2759 627 2818 si
650 2757 803 2840 pugillum
825 2758 917 2819 valdo
938 2757 1032 2837 volis,
1059 2755 1185 2818 lnachia.
1207 2758 1382 2839 vogctando
1405 2762 1496 2836 sunt,
1515 2756 1633 2841 quibus
1656 2759 1837 2842 pugillatur.
1883 2761 1969 2822 shni·
1992 2764 2051 2820 169

290 2877 359 2939 litor
382 2879 412 2939 in
436 2877 584 2940 omuibus
607 2880 718 2940 octonis
742 2877 891 2940 membris
918 2896 975 2965 suu
999 2878 1115 2959 cuiquo
1138 2896 1213 2939 cura
1234 2896 1289 2958 pro
1314 2878 1417 2940 studio
1438 2882 1494 2939 ost.
1542 2879 1626 2960 quod
1649 2899 1721 2941 oum
1745 2899 1856 2942 omncs
1877 2879 1967 2942 tiioilo
1990 2881 2024 2941 ol

289 2999 496 3080 porspiciaut,
526 3018 651 3080 noquco
673 3000 748 3061 satis
771 3018 896 3060 mccum
919 3001 1063 3078 poputum
1084 3002 1114 3059 ot
1136 2997 1281 3079 proiudc,
1310 3003 1344 3061 ut
1364 3017 1414 3059 ros
1437 3001 1496 3080 ost,
1518 2999 1679 3078 adnliuui,
1709 3020 1765 3063 cur
1786 3019 1849 3062 non
1872 3001 1966 3062 otiam

290 3119 432 3179 animum
454 3136 549 3180 suum
571 3119 692 3180 rationo
716 3118 871 3180 oxcolant.
908 3137 989 3199 quao
1012 3118 1142 3200 quidum
1163 3121 1241 3181 ratio
1262 3120 1390 3182 uitandi
1413 3118 1562 3182 omnibus
1585 3138 1686 3202 {aequo
1710 3122 1888 3183 nocossalia
1910 3125 1968 3191 ost,

290 3256 354 3299 uon
378 3239 453 3299 catio
475 3238 629 3320 pingoudi
650 3258 708 3301 aloc
729 3240 807 3301 ratio
829 3238 994 3320 psallendi,
1018 3257 1097 3320 quus
1121 3240 1227 3320 quivis
1250 3238 1353 3302 bonus
1376 3241 1425 3302 vir
1447 3241 1516 3302 sino
1533 3240 1598 3302 ulla
1612 3241 1710 3302 animi
1725 3242 1967 3321 uituperatione,

229 3356 268 3416 25
292 3357 361 3419 sino
383 3357 595 3439 tuipitudino,
617 3360 686 3420 sino
708 3358 779 3421 labo
799 3360 1030 3441 contompsorit.
1073 3352 1193 3421 ‘nosoio
1214 3367 1248 3422 ul
1270 3358 1424 3422 Ismenias
1447 3359 1533 3421 tibiis
1552 3379 1682 3439 cannono,
1705 3359 1759 3423 sod
1782 3381 1846 3423 non
1869 3360 1966 3441 pudot

290 3494 342 3538 mo
365 3475 526 3540 tibicinam
548 3498 613 3540 oon
636 3497 723 3555 essm
756 3482 863 3542 ncsoio
888 3486 923 3543 ut
943 3479 1074 3561 Apollas
1098 3478 1256 3541 coloribus
1278 3481 1427 3560 pingcro,
1451 3479 1507 3540 sod
1525 3498 1589 3542 non
1612 3479 1711 3561 pudet
1731 3498 1783 3541 mo
1806 3500 1872 3542 non
1894 3496 1966 3541 osso

292 3593 489 3677 significcm';
519 3603 550 3659 ct.
571 3598 653 3659 idom
676 3601 709 3660 in
730 3600 843 3660 colonis
865 3598 997 3677 auibus,
1020 3618 1060 3661 uo
1080 3618 1191 3660 omncs
1213 3617 1403 3680 pomponam,
1431 3599 1505 3661 licct
1530 3599 1585 3661 tibi
1616 3600 1739 3661 nosciro
1768 3619 1827 3662 occ
1858 3599 1963 3682 pudot.

395 3851 427 3901 ll
447 3849 514 3902 nihil
533 3854 574 3903 ost
593 3881 622 3890 -
641 3850 778 3904 ahloeolllt
806 3853 946 3901 lh'ucmzliua
969 3852 1032 3900 hell.
1055 3870 1123 3915 spuo,
1139 3851 1217 3902 doctr.
1236 3852 1280 3904 ΓΙ,
1300 3852 1334 3901 31
1354 3862 1377 3900 el
1395 3870 1461 3915 spec.
1484 3852 1601 3903 lu3o‚]l'.
1618 3852 1638 3903 7.
1746 3852 1778 3904 ῙῘ
1800 3852 1866 3904 nihil
1884 3868 1967 3920 aequo

290 3937 370 3990 miror
389 3966 421 3975 -
440 3956 466 4001 p.
487 3937 529 3999 21,
550 3938 586 3987 24
605 3954 653 3990 nce
671 3938 785 3991 acccssit
804 3940 892 3991 loono.
913 3939 1111 3988 Nucula-ricmis
1135 3939 1309 4003 polycraticus
1326 3941 1378 3988 sinc
1398 3938 1428 3986 dn
1449 3941 1520 4003 nimia
1539 3940 1628 3991 cartul.
1648 3939 1690 3989 Η.
1712 3940 1755 3991 28.

397 4112 408 4162 l
435 4112 536 4179 aliquid
554 4112 581 4177 ld
600 4133 631 4161 oc
650 4118 662 4164 t
679 4133 746 4167 eurr,
770 4116 836 4167 Μ’)
857 4115 889 4164 Μ
1019 4116 1049 4164 ut
1067 4129 1125 4164 uam
1146 4115 1176 4162 Μ
1311 4113 1457 4165 archanum
1480 4115 1502 4162 Ι·“
1628 4114 1644 4163 2
1669 4128 1700 4165 ac
1718 4130 1763 4163 om,
1784 4114 1822 4164 ed.
1849 4113 1967 4164 ll'oouro'i

289 4197 439 4267 accipiebat
458 4200 586 4248 Il'ozl'oh‘uo
615 4198 753 4253 accidebat
775 4202 795 4247 l)
898 4204 915 4251 li
933 4199 997 4268 quill
1016 4219 1059 4250 oon
1074 4204 1102 4259 t),
1122 4199 1214 4277 adduit:
1297 4200 1314 4252 4
1333 4217 1395 4267 prae
1415 4201 1476 4251 ml.
1497 4200 1535 4251 cd.
1557 4200 1669 4249 Romana
1756 4200 1774 4251 8
1792 4201 1922 4253 usitatum
1945 4202 1969 4251 l’

1208 4280 1215 4306 l

290 4323 383 4372 contro
402 4321 537 4369 isernoros·
561 4325 634 4372 soom
657 4322 678 4370 o
782 4320 954 4388 phlagoneos
976 4322 996 4371 0
1118 4320 1227 4373 ‘dennis
1248 4321 1283 4368 Μ
1288 4325 1297 4354 ¹
1410 4322 1438 4372 ll
1461 4320 1599 4387 obtingere
1620 4322 1655 4369 Μ
1671 4330 1694 4369 et
1712 4319 1728 4371 b
1748 4339 1778 4370 ex
1796 4337 1813 4389 p
1833 4340 1899 4374 corr.
1920 4323 1961 4371 Μ’

289 4410 471 4474 ‹pioaequarat-
490 4409 526 4457 Μ
540 4411 698 4475 conoquorct
718 4409 753 4456 Μ
760 4410 768 4437 ²
895 4407 978 4461 nichil
1000 4409 1022 4457 1³
1140 4409 1172 4458 Γ.)
1189 4417 1247 4469 pout
1265 4406 1310 4474 qui
1327 4427 1348 4459 o.
1369 4408 1384 4460 Ι.
1403 4423 1424 4459 s.
1444 4412 1523 4460 tantu
1540 4410 1577 4457 F²
1695 4411 1749 4460 tom
1768 4426 1811 4460 om.
1826 4412 1854 4469 0,
1874 4410 1967 4458 addidi

292 4492 323 4544 16
346 4493 493 4561 diraphnnr
515 4496 553 4547 ed.
577 4496 688 4544 lloomnu
726 4493 768 4546 ‹loi
791 4495 911 4563 rapimur
938 4501 958 4544 U
1086 4495 1168 4547 nichil
1194 4496 1219 4544 F
1344 4495 1372 4546 Π
1396 4499 1428 4546 ut
1452 4514 1496 4547 oon
1510 4500 1539 4547 l).
1565 4496 1625 4549 add.
1650 4514 1681 4543 ear
1704 4496 1777 4548 codd.
1801 4496 1964 4546 (interioribus

290 4614 362 4666 vinos
381 4615 432 4667 uisi
453 4616 558 4669 animus
579 4617 603 4665 F
703 4618 737 4669 20
758 4618 851 4670 itidem
872 4616 1085 4669 lill²utido1n
1106 4619 1141 4666 Μ
1240 4618 1371 4686 pugillum
1390 4623 1421 4686 (g
1438 4639 1469 4667 eu
1487 4618 1504 4669 h
1522 4639 1589 4671 corr.
1610 4620 1646 4669 Μ
1650 4623 1674 4687 ¹)
1695 4623 1731 4671 Μ
1830 4624 1861 4674 ‘ll
1883 4586 1964 4675 nihris

289 4703 386 4806 epte-ris
408 4739 431 4787 F
446 4748 529 4801 (riolos
548 4742 750 4804 transpositioni«
769 4740 829 4792 add.
850 4740 904 4801 Vl)
1008 4739 1041 4793 2‘2
1060 4739 1167 4807 periodo
1188 4742 1212 4791 I·'
1318 4740 1484 4796 251aboed.
1505 4742 1619 4792 Romana
1642 4742 1731 4798 labora
1752 4744 1963 4798 Oanmbme?

290 4827 494 4897 ³1sm0niasb‘1
527 4845 642 4898 smonias
664 4856 740 4909 porr.
760 4847 787 4895 ni
794 4847 820 4913 s.
841 4864 872 4895 m·
890 4847 1017 4914 pinnulas)
1032 4850 1067 4898 Μ
1073 4852 1083 4879 ²
1226 4847 1260 4901 26
1284 4849 1400 4917 appelles
1422 4848 1443 4897 0
1584 4866 1625 4902 me
1652 4849 1805 4918 significum
1829 4867 1882 4904 non
1905 4866 1962 4903 osse

289 4931 541 4983 i1uormor<lineF
646 4931 679 4985 27
697 4933 845 5000 significem
873 4935 1006 4986 Vulcanius
1034 4935 1187 5004 significum
1209 4936 1230 4987 O
1335 4953 1367 4989 no
1388 4938 1425 4987 M
1448 4936 1476 4990 ni
1493 4936 1520 4985 F
1622 4936 1721 5007 pudeat
1739 4938 1766 4988 F
