4298 5506
730 765 1114 847 Adnotationes
1159 766 1390 848 criticae.

347 1046 613 1129 Quandoquidem
646 1052 679 1112 in
712 1048 886 1112 maioribus
919 1048 1035 1131 Apulei
1068 1046 1216 1131 operibus
1251 1068 1314 1131 qua
1343 1049 1465 1111 ratione
1494 1049 1601 1110 critico
1635 1048 1796 1131 agendum
1833 1068 1909 1113 esse

220 1189 384 1233 censerem
412 1187 518 1251 nuper
545 1171 578 1231 in
606 1175 663 1232 act.
696 1187 758 1232 soc.
787 1169 861 1252 phil.
892 1166 976 1251 Lips.
1003 1165 1215 1230 aR-itscholio
1245 1168 1317 1231 edit.
1340 1169 1401 1231 rol.
1426 1166 1474 1230 Ill
1504 1187 1556 1249 pp.
1580 1168 1642 1230 445
1666 1188 1734 1253 sqq.
1761 1169 1908 1253 pluribus

221 1290 455 1368 demonstravi,
483 1289 541 1353 hac
569 1288 727 1352 scribendi
749 1289 915 1352 occasione
939 1286 1042 1350 oblata
1063 1287 1207 1353 eiusdem
1229 1287 1269 1349 66
1288 1287 1347 1350 666
1371 1286 1507 1350 Socratis
1529 1288 1781 1351 dissertationem
1805 1310 1910 1372 quan-

219 1414 287 1473 tum
309 1412 399 1493 potui
419 1411 530 1473 amicis
551 1408 774 1472 adiuvantibus
796 1408 995 1471 emendatam
1016 1409 1186 1491 proposui,
1217 1426 1280 1489 quo
1303 1407 1342 1470 66
1365 1409 1524 1471 minorum
1546 1408 1697 1471 librorum
1719 1409 1908 1472 condicione

220 1533 328 1594 critica
347 1548 453 1594 meam
473 1530 663 1593 sententiam
684 1531 903 1611 patefacerem.
949 1548 1045 1612 quam
1076 1532 1111 1590 ut
1130 1528 1257 1610 plonius
1280 1529 1375 1591 etiam
1397 1547 1568 1610 exponam,
1600 1528 1756 1610 excurplis
1781 1548 1822 1591 ex
1845 1528 1908 1592 hoc

221 1649 300 1713 libro
321 1650 423 1713 allatis
445 1649 485 1713 66
508 1649 619 1712 horum
636 1667 767 1731 operum
789 1648 952 1712 codicibus
975 1666 1150 1731 eorumque
1172 1648 1270 1711 variis
1295 1647 1481 1729 corruptelis
1503 1648 1642 1710 breviter
1663 1649 1804 1711 dicturus
1820 1667 1905 1712 sum.

348 1768 372 1832 Ι.
417 1770 525 1852 Atque
554 1768 720 1832 codices
757 1769 887 1851 quidem
920 1767 1173 1839 Goldbacherus,
1208 1770 1259 1830 vir
1287 1767 1325 1830 66
1355 1767 1493 1851 Apuleio
1527 1769 1643 1851 optime
1680 1770 1826 1849 meritus,
1862 1787 1906 1831 ex

220 1909 286 1954 uuo
315 1908 426 1952 omnes
454 1889 624 1971 archetypo
652 1907 800 1952 manasse
826 1890 993 1952 verissime
1023 1891 1139 1951 statuit.
1186 1889 1264 1952 adeo
1296 1892 1328 1951 et
1349 1888 1522 1951 litterarum
1545 1890 1627 1951 iuter
1648 1908 1683 1950 se
1702 1890 1909 1972 permutatio-

221 2009 316 2073 nibus
349 2017 380 2074 et
404 2009 492 2073 falsis
521 2007 748 2073 vocabulorum
780 2008 1023 2090 repetitionibus
1056 2013 1087 2071 et
1114 2010 1237 2072 lacunis
1264 2014 1296 2072 et
1327 2007 1624 2091 interpolationibus
1658 2010 1740 2071 inter
1770 2027 1804 2071 se
1830 2029 1909 2071 con-

220 2135 347 2213 gruunt
392 2130 477 2193 idom
500 2149 573 2193 cum
596 2130 675 2194 duas
697 2149 807 2193 eorum
830 2129 948 2192 classes
971 2131 1193 2210 constitueret,
1216 2130 1355 2192 melioris
1379 2147 1451 2192 esso
1474 2128 1575 2191 voluit
1595 2126 1819 2190 Monacerrsem
1843 2129 1904 2191 621

224 2249 416 2313 Vaticanum
437 2251 520 2313 3385
543 2250 724 2313 Gudiauum
748 2248 807 2311 168
827 2246 1008 2311 Parisinunr
1028 2248 1128 2329 8624,
1157 2249 1320 2312 deterioris
1347 2246 1529 2312 Parisiurun
1552 2250 1634 2311 6634
1655 2248 1908 2312 Laruerrtianum

221 2369 298 2454 plut.
323 2368 482 2451 LXXVI,
512 2370 552 2431 36
581 2369 816 2442 Florentinum,
845 2388 919 2432 eum
952 2371 1007 2451 qni
1034 2387 1106 2432 cunr
1136 2369 1212 2431 olim
1238 2369 1272 2431 in
1298 2372 1489 2432 monasterio
1520 2371 1621 2431 sancti
1651 2367 1749 2431 Marci
1771 2387 1906 2431 numero

222 2488 284 2551 284
318 2492 444 2551 notatus
470 2490 667 2567 servaretur,
695 2506 782 2550 nunc
810 2488 846 2548 in
875 2485 1097 2550 bibliothecam
1128 2486 1372 2551 Laurentianam
1401 2492 1629 2572 transportatus
1659 2493 1715 2550 ost.
1767 2492 1799 2550 at
1826 2487 1907 2548 mihi

223 2607 352 2691 quidem
375 2609 452 2671 satis
481 2626 553 2671 esse
576 2609 682 2671 visum
711 2611 760 2670 ost
788 2628 831 2670 ex
857 2607 916 2671 hac
944 2612 1031 2671 tauta
1059 2607 1211 2672 librorum
1241 2610 1529 2689 manuscriptorum
1551 2609 1721 2691 tarragirre,
1754 2609 1807 2691 qui
1832 2607 1904 2670 illus

222 2727 340 2790 classes
361 2731 637 2809 repraesentarent
659 2728 791 2811 seligere
816 2726 1043 2790 Monacensem
1065 2736 1096 2790 et
1117 2727 1356 2801 Florentinum,
1375 2733 1545 2810 utrumque
1568 2727 1694 2790 saeculo
1717 2726 1904 2789 duodecimo

223 2850 405 2925 exaratum,
438 2845 494 2908 ubi
517 2845 622 2908 deficit
653 2845 866 2925 Monacensis,
886 2849 919 2909 in
943 2852 1085 2911 extrema
1106 2854 1193 2929 parte
1216 2846 1286 2909 libri
1309 2848 1347 2909 66
1370 2848 1505 2928 mundo,
1536 2849 1568 2909 in
1601 2849 1670 2909 eius
1702 2847 1806 2910 locum
1829 2845 1905 2909 sub-

222 2966 403 3030 stituendus
432 2972 482 3028 est
503 2965 676 3029 Vaticanus
709 2968 792 3028 3385
823 2974 946 3050 praeter·
972 2969 1164 3051 corruptelas
1191 2968 1301 3030 calami
1331 2968 1422 3050 lapsu
1452 2972 1534 3030 ortas
1564 2966 1748 3030 Monaccnsi
1780 2969 1823 3030 ita
1849 2986 1905 3049 ge-

222 3088 352 3169 mellus,
382 3093 415 3150 ut
444 3087 483 3150 de
513 3086 623 3150 eodem
655 3087 829 3170 exemplari
860 3089 936 3170 quin
966 3087 1189 3170 transscriptus
1217 3090 1258 3149 sit
1281 3088 1412 3149 minimo
1442 3089 1544 3169 possit
1573 3086 1717 3151 dubitari.
1763 3106 1903 3170 namque

221 3213 397 3272 ceterorum
426 3207 571 3271 codicum
597 3209 783 3270 memoriam
817 3209 845 3271 si
874 3211 947 3290 quis
970 3209 1154 3289 cognoverit
1182 3207 1388 3270 Geldbacheri
1411 3213 1564 3290 apparatu
1582 3227 1676 3288 usus,
1705 3209 1808 3271 tacere
1837 3228 1903 3271 666

221 3329 345 3411 poterit,
375 3330 454 3411 quin
481 3327 667 3391 confiteatur
692 3347 747 3390 666
776 3329 810 3390 in
835 3327 1035 3410 gravioribus
1065 3332 1147 3390 certe
1175 3326 1271 3390 rebus
1299 3347 1372 3389 cum
1397 3327 1448 3389 his
1469 3329 1664 3405 consentire;
1693 3348 1775 3410 quae
1797 3332 1903 3391 autom

221 3450 398 3533 singularia
419 3449 570 3531 prodant,
592 3466 644 3530 ea,
664 3449 693 3510 si
715 3466 790 3510 vora
809 3449 889 3526 sint,
912 3445 951 3509 ab
975 3444 1158 3509 homiuibus
1180 3449 1290 3529 peritis
1311 3448 1516 3510 coniectando
1540 3449 1689 3529 inventa,
1712 3450 1762 3510 sin
1783 3450 1903 3528 nrinus,

221 3568 422 3633 librariorum
450 3571 484 3633 in
513 3567 680 3631 scribendo
710 3567 852 3631 socordia
881 3571 954 3630 uata
980 3585 1061 3629 esse.
1113 3567 1169 3628 hos
1199 3567 1295 3648 igitur
1321 3571 1402 3629 totos
1429 3566 1530 3630 abieci
1553 3574 1675 3651 praeter
1705 3570 1902 3631 (roniccturas

222 3691 357 3774 aliquot,
385 3708 465 3774 quas
493 3708 567 3752 cum
594 3707 636 3751 cx
665 3690 806 3753 virorum
836 3686 997 3750 doctorum
1023 3688 1257 3749 commentariis
1286 3686 1412 3749 haurire
1440 3706 1587 3769 possem,
1610 3692 1717 3751 tamen
1735 3689 1834 3752 malui
1854 3707 1903 3751 re·

222 3812 327 3894 cipere
349 3811 490 3873 maxime
513 3828 530 3870 o
551 3807 697 3872 Parisino
720 3808 812 3871 8624.
858 3792 1059 3871 Monacensis
1080 3810 1185 3871 autem
1210 3813 1241 3869 ot
1255 3806 1429 3870 Florentini
1451 3809 1570 3871 variam
1591 3808 1759 3871 lectionem
1782 3814 1905 3890 practer

222 3930 357 3994 leviores
395 3930 621 4013 discrepantias
653 3929 907 4012 orthographicas
939 3934 1034 3992 totam
1067 3948 1109 3990 ox
1137 3930 1217 3990 mois
1242 3928 1462 3990 collationibus
1495 3929 1638 4010 apposui.
1692 3928 1783 3990 illum
1817 3930 1903 3991 enirn

222 4071 327 4135 nuper
353 4051 392 4116 ab
421 4049 565 4130 Halmio,
595 4071 658 4134 qua
689 4055 738 4113 est
769 4050 980 4132 humanitate,
1008 4049 1230 4113 transmissum
1260 4047 1465 4131 Flensburgi,
1502 4048 1588 4111 hunc
1618 4048 1695 4111 <lum
1725 4049 1902 4112 Florentiae

221 4171 431 4236 bibliothecae
452 4170 685 4235 Laurentianae
707 4171 871 4234 thesauros
894 4172 1021 4233 excutio
1046 4190 1141 4252 quam
1162 4170 1250 4252 potui
1273 4169 1516 4253 diligentissime
1538 4169 1696 4249 contuli*).
1741 4172 1902 4251 practerea

222 4300 366 4358 veterum
399 4294 581 4357 testimonia
619 4294 736 4375 pariter
772 4296 867 4375 atque
905 4290 1139 4354 Goldbacherus
1173 4290 1303 4373 collegi,
1334 4291 1390 4354 sed
1423 4290 1512 4354 nolui
1549 4310 1567 4352 6
1601 4289 1763 4352 Vincentii
1796 4287 1902 4350 Bello·

223 4416 371 4478 recensis
398 4418 430 4477 ot
462 4413 593 4478 loannis
616 4410 859 4476 Sarisberiensis
882 4414 1040 4497 excerptis
1063 4412 1234 4494 scripturae
1255 4411 1496 4494 discrepantiam
1520 4415 1616 4474 totam
1638 4409 1804 4495 adnotare:
1828 4426 1903 4470 nam

225 4553 280 4598 eos
304 4533 465 4598 codicibus
486 4534 683 4618 interpolatis
702 4553 780 4599 asos
802 4553 873 4598 osse
893 4534 1097 4599 manifestum
1118 4537 1176 4594 cst.

334 4791 357 4853 't
377 4790 490 4861 Aliquot
508 4788 608 4844 codicis
624 4788 791 4843 Monacensis
810 4787 889 4852 locos,
908 4786 940 4842 de
958 4787 1053 4857 quibus
1071 4786 1204 4842 dubitatio
1224 4784 1353 4857 quaedam
1371 4784 1438 4839 mihi
1454 4783 1569 4839 subnata
1581 4787 1648 4849 erat,
1669 4784 1747 4839 facile
1760 4782 1903 4853 inpetrari

225 4894 242 4933 a
260 4877 387 4934 Guilelmi
404 4878 506 4948 Meyeri
525 4877 658 4950 Spirensis
676 4877 805 4943 amicitia,
823 4881 855 4931 ut
874 4878 971 4931 iterum
989 4877 1139 4946 inspiceret.
