4298 5506
1033 356 1260 458 ...4-

269 563 289 626 3
438 564 481 628 At
502 584 577 665 ego,
602 540 687 650 quod
708 568 890 651 Aristippus
915 567 1010 648 dixit,
1039 569 1200 651 experiar,
1221 568 1402 650 Aristippus
1424 567 1477 632 ille
1499 566 1688 649 Cyrenaicae
1712 572 1814 632 sectae
1834 575 1983 653 repertor,

312 686 462 770 quodque
485 685 621 751 nralobat
650 689 735 771 ipso,
762 687 897 751 Socratis
920 688 1103 772 discipulus.
1148 707 1222 751 eum
1244 687 1373 771 qnidam
1395 691 1550 768 tyrannus
1573 691 1711 772 rogavit,
1742 689 1819 773 quid
1845 691 1890 753 illi
1919 690 1986 773 phi-

310 805 471 889 losophiae
493 808 634 871 studium
662 812 727 872 tam
758 810 927 893 inpensum
954 811 1084 892 tamque
1112 808 1270 875 [butinam
1295 808 1472 891 profuisset.
1520 810 1705 893 Aristippus
1727 811 1903 893 rospondit:
1934 803 1982 871 ‘ut

268 925 384 989 Aoum
414 925 584 1009 omnibus',
613 930 732 1012 inquit,
760 922 955 992 'hominibus
991 948 1102 993 secure
1131 932 1163 991 et
1189 928 1344 1012 intrepido
1373 924 1547 991 fabularor‘.
1600 927 1696 992 verbo
1724 929 1827 992 subito
1857 934 1981 1013 sumpte

310 1049 466 1110 sententia
498 1052 560 1130 est,
590 1051 665 1132 quia
692 1048 731 1112 de
759 1051 922 1131 repentino
949 1048 1057 1113 oborta
1083 1053 1140 1113 est.
1182 1048 1296 1133 quodsi
1325 1047 1414 1111 relut
1441 1050 1475 1110 in
1505 1050 1641 1112 maceria
1667 1049 1786 1133 lapides
1816 1050 2022 1113 temerariob

309 1167 475 1230 interiectu
510 1171 585 1251 poni
617 1188 749 1233 necesse
784 1174 832 1232 est
860 1188 966 1253 noque
994 1171 1156 1233 interiecto
1191 1171 1382 1232 intrinsecus
1416 1168 1554 1252 pondere
1585 1187 1691 1252 neque
1722 1171 1891 1234 conliniato
1923 1189 1980 1253 pro

227 1289 285 1347 107
308 1286 409 1349 fronte
431 1290 495 1350 situ
517 1308 622 1372 neque
642 1287 865 1351 coniventibus
887 1290 925 1352 ad
946 1289 1088 1372 regulam
1111 1290 1220 1369 lineis,
1249 1290 1393 1373 quippini
1417 1293 1549 1352 structor
1570 1290 1720 1352 orationis
1738 1289 1834 1353 huius
1856 1297 1980 1375 egomet

308 1423 372 1467 non
388 1423 406 1466 e
421 1424 492 1468 meo
515 1409 620 1468 monte
642 1406 776 1490 lapidem
800 1408 942 1471 directim
957 1426 1086 1471 caesum
1106 1407 1253 1489 adferam,
1275 1408 1371 1491 probo
1393 1410 1593 1473 omnifariam
1615 1410 1847 1493 conplanatum,
1868 1410 1980 1475 leviter

308 1526 442 1588 extimas
474 1544 543 1589 oras
571 1526 610 1590 ad
632 1546 774 1611 unguem
801 1532 1025 1610 coaequatum,
1055 1528 1110 1591 sed
1136 1528 1279 1612 undique
1306 1531 1392 1613 operi
1417 1530 1654 1593 adcommodcm
1683 1530 1734 1593 vel
1757 1531 1980 1613 inaequalitate

226 1647 283 1705 108
309 1664 420 1727 aspera
445 1646 496 1709 vel
519 1646 645 1710 levitate
667 1646 788 1711 lubrica
815 1647 867 1710 vol
893 1648 1019 1731 angulis
1045 1649 1187 1712 eminula
1208 1650 1259 1713 rel
1285 1651 1475 1714 rotunditate
1496 1649 1648 1714 volubilia
1671 1652 1740 1712 sine
1763 1651 1891 1734 regulae
1912 1669 1979 1712 cor·
2004 1652 2041 1712 10

305 1767 444 1828 rectione
466 1769 497 1828 et
518 1786 687 1831 mensurae
710 1767 863 1851 parilitate
884 1773 915 1831 et
934 1770 1149 1852 perpendiculi
1174 1769 1332 1834 sollertia?
1361 1772 1448 1834 nulla
1471 1773 1557 1834 enim
1577 1790 1627 1834 res
1650 1773 1754 1852 potest
1775 1789 1847 1833 esso
1868 1770 1977 1833 eadem

304 1886 451 1951 festinata
477 1888 573 1952 simul
600 1894 631 1952 et
660 1890 850 1953 examinata.
909 1895 918 1964 1
934 1910 974 1952 an
997 1910 1054 1953 ros
1078 1892 1139 1974 ipsi
1164 1890 1289 1954 vidistis
1311 1912 1463 1975 umquanr
1479 1906 1488 1973 ῃ
1524 1894 1696 1975 quiequam
1719 1893 1864 1973 omnino,
1893 1892 1978 1974 quod

305 2006 433 2071 haberet
454 2008 581 2073 laudem
603 2009 785 2092 diligentiae
808 2010 903 2073 simul
924 2014 956 2073 et
977 2012 1109 2094 gratiam
1131 2011 1321 2074 celeritatis?

265 2130 284 2190 5
430 2126 566 2193 Praebui
587 2147 638 2192 me
661 2129 860 2212 quorundam
883 2130 1055 2211 voluntati,
1078 2131 1132 2213 qui
1155 2131 1266 2213 oppido
1291 2151 1386 2214 quam
1408 2152 1426 2194 a
1449 2150 1500 2193 me
1523 2130 1761 2212 desiderabant,
1784 2134 1819 2194 ut
1841 2131 1977 2194 dicerem

306 2269 347 2314 ex
369 2256 519 2333 ternpore.
557 2257 588 2314 at
607 2254 656 2313 est
670 2253 798 2316 hercule
819 2251 962 2332 formido,
984 2270 1025 2314 no
1040 2252 1071 2314 id
1087 2252 1166 2315 milri
1180 2253 1332 2333 evenerit,
1355 2252 1438 2335 quod
1461 2271 1554 2315 corvo
1578 2271 1636 2314 suo
1659 2253 1806 2314 evenisso
1829 2253 1977 2334 Aesopus
2001 2253 2040 2313 15

302 2369 476 2453 fabulatur,
501 2372 532 2434 id
551 2375 627 2453 erit,
653 2390 713 2453 no,
745 2372 822 2435 dum
843 2372 925 2435 lranc
946 2392 1063 2435 novam
1084 2373 1210 2436 laudern
1233 2379 1340 2456 capto,
1369 2392 1498 2455 parram
1514 2372 1619 2452 illam,
1646 2391 1741 2455 quam
1764 2376 1836 2434 ante
1858 2374 1976 2454 peperi,

263 2491 281 2552 6
304 2511 398 2575 cogar
418 2493 568 2555 amittere.
607 2492 664 2555 sed
687 2491 725 2554 do
745 2492 877 2576 apologo
900 2494 1065 2576 quaeritis:
1088 2512 1153 2555 non
1173 2494 1260 2576 pigot
1278 2511 1329 2555 me
1351 2493 1471 2576 aliquid
1492 2492 1634 2556 fabulari.
1675 2511 1788 2556 corvus
1812 2497 1843 2554 ot
1864 2492 1977 2575 vulpes

223 2617 281 2673 109
304 2633 402 2676 uuam
424 2613 552 2677 offulam
573 2614 670 2677 simul
689 2614 835 2676 viderant
849 2631 983 2696 eamque
997 2617 1123 2696 raptum
1145 2611 1336 2675 festinabant
1355 2613 1423 2695 pari
1439 2612 1542 2676 studio
1559 2613 1661 2695 inpari
1676 2612 1844 2694 celeritate,
1865 2611 1977 2693 vulpes

304 2751 415 2811 eursu,
444 2752 558 2796 corvus
584 2733 700 2797 volatu.
744 2735 841 2816 igitur
866 2734 931 2797 ales
958 2733 1092 2797 bestiam
1119 2735 1281 2816 praevenit
1309 2736 1340 2795 ot
1368 2733 1508 2795 seeundo
1535 2731 1613 2795 flatu
1635 2735 1793 2816 propansis
1816 2733 1977 2815 utrimque

302 2855 417 2936 pennis
438 2852 630 2937 praelabitur
650 2860 682 2917 ot
703 2856 853 2937 anticipat
874 2858 969 2937 atquo
990 2856 1032 2916 ita
1051 2853 1165 2936 praeda
1186 2852 1282 2916 sinml
1304 2857 1336 2914 et
1357 2854 1488 2915 victoria
1509 2852 1611 2915 laetus
1634 2852 1769 2915 sublime
1792 2857 1923 2915 erectus
1943 2853 1977 2913 in
1999 2851 2039 2913 20

304 2973 440 3057 quadam
461 2976 606 3056 proxima
633 2993 754 3057 quercu
782 2975 817 3037 in
839 2994 964 3039 summo
987 2976 1057 3037 eius
1080 2967 1244 3038 cacumine
1267 2975 1354 3035 tutus
1377 2972 1465 3034 sedit.
1513 2991 1551 3035 eo
1573 2991 1700 3056 quoque
1722 2976 1829 3034 tauron
1852 2971 1976 3052 vulpes,

305 3095 381 3176 quia
402 3093 515 3177 pedem
539 3092 699 3176 nequibat,
724 3093 832 3156 dolum
848 3095 928 3157 iecit.
968 3113 1106 3177 namque
1130 3093 1264 3157 eandem
1287 3092 1431 3156 arborem
1454 3094 1608 3156 successit
1629 3098 1661 3154 ot
1683 3090 1879 3172 subsistenS,
1904 3109 1977 3154 cum

262 3212 278 3273 7
302 3232 438 3296 superne
457 3218 613 3298 raptorem
637 3214 752 3296 praeda
773 3219 920 3277 ovantem
950 3214 1086 3294 rideret,
1112 3212 1240 3275 laudare
1264 3215 1334 3274 astu
1362 3210 1468 3273 adorta
1490 3216 1550 3273 est:
1577 3204 1631 3273 ‘ne
1652 3230 1711 3293 ego
1733 3211 1862 3291 inscita,
1891 3228 1974 3292 quae

303 3351 376 3396 curn
399 3333 473 3397 alite
494 3333 655 3417 Apollinis
677 3334 792 3397 frustra
812 3335 1007 3415 removerim,
1036 3335 1151 3417 quippe
1175 3334 1228 3396 cui
1248 3334 1311 3395 iam
1332 3331 1456 3413 pridem
1478 3349 1593 3413 corpus
1612 3335 1677 3394 tam
1699 3331 1893 3393 concinnum
1915 3333 1973 3411 est,

221 3457 279 3514 110
304 3455 339 3514 ut
360 3470 465 3535 noque
495 3453 611 3536 oppido
640 3471 772 3536 parvum
795 3471 900 3535 neque
921 3453 1017 3514 nimis
1044 3450 1163 3534 grando
1186 3453 1244 3532 sit,
1276 3451 1332 3514 scd
1356 3454 1510 3535 quantum
1539 3453 1615 3514 satis
1636 3451 1675 3514 ad
1695 3469 1790 3541 usum
1813 3451 1973 3515 decorem·
1996 3450 2037 3513 25

405 3607 422 3657 3
443 3607 517 3672 Iliop.
538 3607 625 3660 Luert.
645 3608 684 3663 ΙΙ,
707 3607 741 3657 da
763 3605 907 3675 ἐρωτηθεὶς
932 3612 959 3659 τί
979 3601 1054 3682 αὐτῷ
1078 3610 1245 3674 περιγέγονεν
1268 3604 1296 3658 ἐκ
1323 3605 1488 3674 φιλοσοφίας,
1512 3605 1576 3673 ἔφη·
1596 3603 1627 3658 τὸ
1651 3601 1786 3659 δύνασθαι
1809 3602 1876 3659 πᾶσι
1901 3610 1972 3675 θαρ-

300 3692 416 3761 poo'rrmc
436 3689 546 3763 ὁμιλεῖν.
654 3695 684 3747 ll
704 3693 777 3747 nulla
795 3710 837 3747 res
859 3723 886 3732 -
907 3693 1053 3747 celeritatis
1081 3693 1221 3743 Vincentius
1240 3693 1309 3745 Bell.
1329 3712 1397 3757 spec.
1418 3694 1498 3745 ‹loctr.
1516 3693 1545 3751 V,
1565 3692 1600 3742 94
1619 3703 1641 3741 et
1659 3712 1727 3758 spec.
1746 3693 1801 3744 diat.
1823 3693 1872 3754 IV,
1893 3694 1914 3746 7,

404 3832 421 3885 2
442 3834 556 3887 socratis
578 3834 649 3883 1Μὶ
678 3833 778 3887 socrati
798 3834 834 3883 M
959 3832 1082 3885 tirannus
1106 3835 1133 3882 F
1263 3832 1281 3884 4
1306 3833 1414 3898 compta
1440 3830 1638 3880 lti'lamoua'tzius
1770 3835 1786 3886 5
1810 3778 1897 3884 sabba
1917 3829 1954 3880 Μ
1959 3835 1968 3864 ¹

300 3918 395 3988 quodsi
422 3920 620 3972 ll'e'lamour'tzr'us
639 3920 758 3991 quasiO
871 3920 1054 3973 deonlintato
1073 3921 1110 3969 M
1219 3919 1327 3973 dfonte
1340 3919 1381 3967 M.
1484 3916 1629 3971 conlimate
1647 3933 1694 3986 pro
1713 3919 1768 3972 situ
1787 3920 1874 3973 fronte
1896 3917 1973 3967 ll'ila-
2069 3986 2075 3997 ¹

299 4008 432 4057 matrinae
564 4007 748 4063 eonibentibus
766 4009 794 4057 F
820 4007 1051 4061 oouuiniventibns
1070 4010 1130 4074 nis.
1152 4009 1189 4058 M
1214 4006 1455 4061 eousahibentibus
1477 4006 1536 4071 uis.
1559 4006 1602 4054 M¹
1747 4005 1869 4075 quippini
1894 4004 1973 4056 litla-

299 4096 430 4146 mouitzr'us
456 4095 554 4166 quippe
572 4096 660 4165 quio
791 4095 808 4149 8
831 4094 935 4149 direotu
953 4095 991 4145 M
1119 4096 1226 4148 afferam
1244 4111 1326 4164 propo
1345 4095 1382 4143 M
1506 4092 1601 4146 leviter
1619 4093 1732 4146 extimas
1751 4093 1901 4153 Salmasius,
1927 4110 1971 4144 om.

299 4194 366 4248 epm.
388 4183 465 4236 flia.
484 4202 540 4236 rrae.
560 4184 597 4233 M
629 4183 722 4237 leviter
746 4199 776 4236 er
802 4183 911 4251 optimis
936 4183 988 4235 orie
1012 4184 1037 4231 F
1161 4183 1177 4235 9
1203 4181 1318 4290 unqique
1341 4181 1437 4245 scripsi
1460 4179 1556 4248 euique
1577 4179 1598 4227 0
1721 4179 1917 4234 accommodem
1939 4178 1978 4228 M

300 4304 333 4359 lb
351 4304 461 4359 levitate
480 4305 554 4370 euripo
579 4304 691 4359 lenitate
712 4304 733 4352 0
862 4302 976 4356 rotunda
994 4303 1032 4352 Μ
1157 4304 1187 4357 11
1207 4301 1316 4356 solertia
1335 4301 1371 4351 M
1375 4306 1383 4335 ¹
1517 4300 1548 4353 12
1565 4300 1646 4353 simul
1664 4320 1707 4353 oar.
1727 4302 1753 4350 F
1872 4316 1905 4354 an
1925 4315 1972 4352 ros

298 4391 350 4460 ipsi
368 4389 473 4445 vidistis
493 4408 619 4461 umquam
638 4391 735 4447 addidi,
756 4410 799 4444 ona.
819 4392 940 4455 1111123
958 4392 1001 4443 liu.
1022 4409 1076 4442 rac.
1091 4390 1127 4439 Μ
1143 4406 1191 4443 nec
1210 4393 1252 4443 est
1270 4389 1330 4441 arld.
1344 4407 1373 4440 m.
1389 4405 1476 4436 recena·
1489 4388 1514 4436 in
1526 4388 1563 4437 M
1585 4403 1633 4441 nee
1651 4405 1707 4441 esse
1727 4390 1752 4438 F
1866 4387 1971 4440 omnino

299 4480 394 4543 scripsi
411 4478 529 4532 omnium
545 4478 567 4528 0
622 4477 654 4531 13
666 4478 884 4542 habereturque·
899 4478 995 4531 habero
1007 4482 1036 4531 eb
1050 4478 1079 4539 O,
1096 4488 1156 4543 pout
1173 4477 1270 4531 habere
1288 4495 1317 4528 ur.
1332 4494 1419 4525 recens
1432 4496 1453 4526 a.
1469 4475 1484 4527 l.
1499 4474 1560 4527 add.
1579 4476 1664 4543 possit
1677 4477 1701 4523 in
1715 4476 1752 4526 M
1818 4474 1850 4527 14
1862 4472 1973 4542 praebui

299 4581 341 4618 mo
360 4564 524 4635 quorundam
543 4584 587 4619 our.
606 4576 672 4631 aprus.
693 4565 728 4616 12
747 4567 792 4619 litt.
813 4585 867 4619 nau
887 4568 924 4616 M
1024 4565 1086 4635 oppi
1105 4567 1142 4617 M
1242 4581 1321 4633 qnam
1341 4563 1452 4613 lividius
1475 4578 1542 4629 quae
1564 4562 1585 4610 0
1655 4560 1841 4614 desiderabant
1858 4561 1972 4611 ltobdiaa

297 4651 516 4707 desiderabantur
536 4656 557 4702 0
654 4655 684 4706 15
703 4656 733 4706 at
749 4654 845 4718 arripui
861 4657 889 4706 ot
910 4656 931 4702 1)
1018 4657 1058 4705 eet
1076 4653 1143 4706 milri
1164 4658 1217 4716 (ona
1236 4651 1342 4706 hercula
1360 4647 1472 4704 formido
1491 4664 1523 4700 ne
1542 4647 1570 4701 id
1588 4658 1611 4697 et
1626 4659 1685 4713 post
1702 4648 1769 4701 mihi
1788 4659 1854 4713 apat.
1874 4649 1906 4698 14
1925 4648 1970 4702 litt.

297 4743 364 4799 vac.)
385 4741 423 4789 M
489 4739 571 4794 miehi
586 4743 611 4789 l·
702 4742 733 4794 16
752 4757 847 4793 novam
866 4740 970 4793 laudem
990 4760 1034 4792 orer.
1054 4750 1120 4804 apat.
1140 4740 1173 4789 15
1194 4741 1238 4794 litt,
1258 4759 1313 4791 aar.
1333 4739 1370 4789 M
1434 4754 1542 4807 parvam
1562 4739 1588 4787 F
1602 4754 1695 4806 parum
1715 4736 1751 4786 M
1816 4736 1849 4789 17
1868 4735 1971 4806 pigebit

297 4827 398 4896 aliquid
417 4828 471 4893 (om.
491 4832 543 4893 mo)
564 4829 589 4876 Ρ
711 4827 801 4896 vulpes
824 4828 897 4877 FM’¹
923 4828 1009 4896 vulpis
1028 4828 1065 4876 M
1078 4829 1124 4893 (itu
1144 4831 1250 4893 surpra)
1380 4827 1414 4879 20
1431 4825 1577 4894 sublimeq;
1596 4826 1633 4874 M
1740 4842 1774 4873 aa
1792 4824 1820 4877 in
1839 4821 1971 4893 quandam

296 4913 444 4986 proximam
462 4914 610 4985 quereum?
714 4916 747 4969 21
767 4920 857 4968 tamen
879 4918 901 4964 0
919 4934 951 4964 aa
969 4914 1045 4968 iam?
1062 4917 1121 4968 tum
1140 4916 1177 4968 ed.
1199 4916 1321 4966 Colae'aua
1425 4914 1459 4966 22
1477 4912 1540 4981 quia
1557 4910 1651 4980 pedam
1673 4911 1850 4976 Oudendorpr'o
1869 4920 1971 4961 arerem

297 5039 393 5105 rer-apri
418 5038 464 5106 qui
481 5037 612 5109 alipedem
634 5038 655 5087 0
760 5038 795 5091 24
813 5037 857 5091 eui
874 4997 1016 5109 lampidem
1034 5037 1072 5087 M
1074 5040 1083 5071 ¹
1107 5035 1126 5102 (l
1144 5037 1169 5086 ia
1186 5037 1197 5090 i
1215 5055 1281 5087 corr.
1301 5036 1339 5087 M
1342 5038 1366 5106 ²)
