4298 5506
1034 278 1287 350 „10-

322 493 516 553 commeant:
556 489 614 553 hos
645 488 764 552 Graeco
800 491 930 553 nomine
973 481 1114 574 δαίμονας
1150 496 1354 574 nuncupant,
1390 494 1472 555 inter
1503 491 1668 555 caelicolas
1710 497 1718 564 l
1734 491 1892 555 terricolas
1908 495 1917 563 l
1933 511 1996 574 que

322 613 464 674 vectores
487 611 561 672 hinc
581 629 712 692 precum
734 609 808 673 inde
830 611 1001 692 donorum,
1026 612 1082 695 qui
1106 611 1185 674 ultro
1202 613 1279 674 citro
1302 613 1427 693 portant
1449 611 1522 673 binc
1545 613 1714 694 petitiones
1737 611 1812 675 inde
1835 613 1997 694 suppetias

260 733 299 795 27
322 751 382 794 ceu
404 731 534 814 quidam
556 732 700 813 utrisque
722 732 907 814 interpretes
932 735 963 793 at
984 730 1153 814 salutigeri.
1184 750 1241 814 per
1257 731 1315 794 hos
1338 731 1477 807 eosdem,
1495 734 1530 794 ut
1552 730 1639 794 Plato
1661 733 1696 794 in
1718 730 1886 814 Symposio
1909 736 1999 794 aratu-

322 855 396 932 mat‚
418 856 532 914 cuncta
554 850 739 913 denuntiata
759 855 790 913 et
811 870 975 933 magorum
999 852 1083 913 varia
1110 852 1260 914 miracula
1282 871 1458 935 omnesque
1480 855 1717 936 praesagiorum
1741 856 1864 936 species
1883 871 2001 936 regun-

241 978 300 1035 134
323 976 381 1034 tur.
427 990 536 1034 eorum
561 973 680 1054 quippo
703 970 742 1033 de
769 989 902 1033 numero
925 970 1054 1054 praediti
1078 975 1189 1033 curant
1211 970 1328 1054 singuli
1352 969 1501 1053 [eorum]1
1529 972 1662 1054 proinde
1682 979 1718 1035 ut
1739 979 1788 1036 est
1809 974 1925 1055 cuique
1948 974 2000 1035 tri-
2023 975 2043 1034 5

323 1090 400 1155 buta
421 1092 596 1174 provincia,
618 1091 669 1154 νο]
687 1092 820 1154 somniis
842 1089 1075 1154 conformandis
1091 1091 1144 1153 rel
1163 1092 1246 1153 extis
1268 1089 1482 1154 fissiculandis
1498 1091 1549 1154 vel
1567 1092 1771 1172 praepetibus
1786 1091 2001 1175 gubernandis

327 1212 375 1275 vel
405 1210 567 1274 oscinibus
598 1211 781 1274 erudiendis
810 1212 862 1274 νο]
891 1209 1016 1274 vatibus
1046 1212 1240 1293 inspirandis
1268 1212 1321 1275 νο]
1348 1211 1536 1274 fulminibus
1569 1211 1746 1275 iaculandis
1777 1213 1829 1276 vel
1861 1211 2001 1276 nubibus

324 1331 527 1394 eoruscandis
550 1333 733 1415 ceterisque
751 1330 847 1409 adeoa
874 1351 930 1415 per
958 1351 1040 1415 quae
1062 1331 1167 1394 frrbua
1189 1332 1392 1396 dinoscimus
1441 1353 1523 1416 quae
1546 1337 1659 1396 cuncta
1681 1334 1866 1396 caelestium
1889 1334 2001 1396 volun-

323 1455 386 1515 tate
408 1457 440 1514 et
459 1453 593 1514 numine
615 1457 647 1513 ot
668 1453 850 1515 auctoritate
879 1452 933 1515 sed
954 1453 1146 1516 daemonum
1168 1451 1321 1535 obsequio
1342 1458 1374 1514 et
1395 1471 1491 1535 opera
1512 1458 1543 1515 et
1561 1455 1738 1517 ministerio
1760 1454 1828 1518 lieri
1850 1453 2002 1517 arbitran-

261 1574 301 1635 28
324 1573 400 1635 dum
421 1575 477 1635 est.
521 1572 633 1636 benun
657 1573 744 1634 onim
767 1592 886 1635 munus
906 1577 1002 1655 atque
1026 1591 1120 1654 opera
1142 1577 1237 1655 etque
1260 1592 1336 1635 cura
1356 1578 1418 1653 est,
1441 1577 1476 1635 ut
1496 1572 1668 1637 Hannibali
1693 1577 1817 1638 somnia
1839 1574 2002 1638 orbitatem
2027 1574 2067 1636 10

242 1678 302 1806 ἐξ
325 1693 409 1756 oculi
430 1694 679 1773 comminentur,
709 1691 864 1755 Flaminio
887 1693 1055 1774 extispicia
1082 1693 1260 1774 periculum
1290 1692 1387 1756 cledis
1410 1693 1606 1775 praedicant,
1635 1697 1709 1758 Atto
1737 1693 1840 1758 Navio
1871 1696 2003 1777 auguria

324 1813 513 1877 miraculum
533 1813 614 1876 cotis
636 1812 798 1889 addicant3
830 1814 906 1876 item
929 1820 963 1876 ut
985 1813 1148 1875 nonnullis
1170 1814 1262 1896 regni
1284 1813 1381 1877 futuri
1403 1815 1495 1895 signa
1517 1820 1730 1896 praecurrant,
1754 1819 1788 1878 ut
1810 1813 2002 1898 Tarquinius

323 1931 452 1996 Priscus
475 1934 582 2017 aquila
604 1932 809 1997 obumbretur
830 1932 869 1997 ab
894 1935 994 2016 apice,
1017 1933 1147 1996 Servius
1163 1930 1286 1996 Tullius
1309 1932 1438 1996 {trimma
1460 1933 1695 1996 conluminetur
1710 1955 1727 1996 a
1744 1936 1859 2017 capito;
1883 1938 2003 2016 postro-

242 2060 302 2115 136
323 2073 376 2118 mo
402 2057 517 2118 cuncta
538 2053 707 2118 ariolorum
732 2056 907 2137 praesagia,
930 2051 1105 2116 Tuscorum
1124 2053 1260 2136 piacula,
1285 2052 1514 2134 fulguratorum
1539 2051 1719 2133 bidentolia,
1741 2056 1881 2116 carmina
1901 2052 2003 2133 Sibyl-

263 2176 303 2237 29
324 2174 436 2238 larum.
482 2193 565 2257 quae
588 2176 709 2256 omnia,
732 2178 768 2238 ut
790 2174 874 2253 dixi,
904 2173 1027 2236 mediae
1051 2175 1219 2257 quaepiam
1252 2176 1421 2256 potestates
1443 2174 1525 2234 inter
1547 2173 1694 2236 homines
1717 2193 1753 2236 ac
1775 2172 1850 2236 deos
1874 2171 2000 2235 obeunt.
2027 2173 2068 2234 15

326 2311 433 2375 neque
456 2292 541 2354 enim
564 2309 621 2373 pro
640 2292 804 2354 maiestate
825 2291 921 2354 deum
943 2292 1126 2355 caelestium
1145 2292 1249 2373 fuerit
1272 2296 1307 2355 ut
1329 2311 1438 2356 eorum
1459 2294 1630 2375 quisquam
1652 2293 1709 2355 νο]
1725 2290 1898 2356 Hannibali
1919 2311 2002 2354 som-

3 2415 306 2505 suffivit}
317 2411 417 2492 nium
439 2409 538 2493 tingat
559 2410 611 2473 vel
627 2409 783 2473 Flaminio
805 2409 979 2492 bostiam†
1000 2415 1149 2494 conroget
1171 2411 1221 2473 νο]
1236 2414 1311 2474 Atto
1326 2410 1429 2474 Navio
1445 2431 1538 2475 avom
1555 2412 1691 2476 velificet
1705 2412 1758 2475 vel
1773 2410 1912 2493 Sibyllae
1934 2412 2003 2474 fati-

9 2520 13 2527 ’
326 2530 436 2613 loquia
464 2529 623 2592 versificet
649 2529 700 2591 vol
729 2527 901 2613 Tarquinio
929 2530 1007 2593 velit
1035 2532 1156 2613 apicem
1178 2550 1288 2613 rapere
1312 2531 1367 2594 sed
1388 2531 1534 2612 reddero,
1566 2531 1676 2595 Servio
1703 2550 1777 2594 vero
1807 2531 2004 2593 inflammare

328 2652 478 2714 verticem
500 2668 561 2712 nec
582 2669 726 2714 exurere.
761 2669 826 2712 non
848 2656 896 2712 est
918 2670 1031 2733 operae
1054 2650 1114 2713 diis
1137 2653 1262 2733 superis
1278 2652 1316 2714 ad
1337 2652 1415 2715 haec
1430 2652 1637 2715 descendere:
1661 2652 1838 2714 modiorum
1858 2651 2004 2714 divorum

328 2774 389 2835 ista
410 2774 530 2836 sortitio
552 2775 610 2854 est,
633 2773 743 2855 quiin
765 2771 858 2834 aeriis
881 2772 984 2854 plagis
1005 2776 1105 2834 torrae
1127 2774 1332 2836 conterminis
1356 2774 1544 2835 nccminus
1566 2771 1748 2835 confinibus
1764 2771 1851 2836 caelo
1874 2771 2003 2855 perinde
2026 2773 2067 2834 ‘20

383 3005 386 3011 ·
437 2979 450 3030 1
473 2979 542 3031 Plat.
561 2978 647 3044 Symp.
660 2977 720 3026 202
734 2978 759 3026 Ι)
779 2996 816 3040 sq.
835 2985 880 3029 καὶ
899 2974 949 3046 γάρ
966 2976 1021 3030 πᾶν
1040 2975 1069 3031 re'
1088 2973 1227 3044 δαιμόνιον
1243 2974 1346 3044 peragi
1365 2975 1420 3029 νὀτι
1438 2974 1506 3029 θεοῦ
1527 2996 1552 3029 τε
1572 2984 1615 3028 κο]
1634 2974 1738 3044 θνητοῦ
1757 3019 1763 3028 .
1783 3018 1789 3029 .
1810 3017 1815 3029 .
1836 3019 1841 3029 .
1863 2976 2005 3045 impres-nv

329 3073 372 3118 καὶ
391 3061 593 3134 ὃνοπορθμοῦον
612 3067 686 3118 θεοῖς
705 3061 738 3116 τοὶ
757 3062 819 3132 παρ’
838 3061 993 3132 ἀνθρώπων
1012 3071 1055 3116 arri
1076 3061 1234 3130 ἀνθρώποις
1256 3061 1290 3116 aa*
1308 3061 1382 3131 abaci
1401 3061 1490 3124 dcciv,
1519 3061 1570 3115 τῶν
1586 3065 1637 3132 μὲν
1656 3061 1702 3118 ro'c
1722 3059 1821 3132 δεήσεις
1839 3074 1881 3116 καὶ
1901 3069 2006 3121 attalae.

330 3149 383 3206 aia
400 3150 429 3206 da*
447 3149 495 3206 acic
513 3150 644 3213 ἐπιτάξεις
663 3171 690 3204 τε
708 3158 751 3204 κο]
771 3149 888 3220 &prospicis
907 3149 973 3220 [aia
990 3150 1116 3220 dcccclv}
1142 3149 1169 3203 ἓν
1188 3156 1258 3219 μλοῳ
1278 3148 1306 3204 δι’
1324 3146 1355 3204 ὂν
1373 3148 1532 3218 ἀμφοτέρων
1550 3150 1709 3220 συμπληροῖ,
1736 3146 1803 3204 ὥστε
1821 3149 1850 3204 rr}
1868 3152 1923 3205 πᾶν
1942 3148 2006 3204 αὐτὸ

330 3237 401 3307 αὖτῷ
424 3236 606 3302 ξυνδεδέοθαι.
643 3235 687 3291 tui
714 3238 807 3292 τούτου
832 3247 875 3291 καὶ
903 3236 919 3305 η’
937 3235 1053 3307 μαντική
1075 3238 1150 3292 ποῖον
1169 3243 1250 3307 χωρεῖ
1267 3247 1310 3290 κο]
1330 3235 1346 3305 ἡ
1367 3236 1419 3289 τοῖν
1437 3233 1529 3304 a‘aplmv
1548 3243 1624 3305 τέχνη
1645 3238 1697 3290 τοῖν
1715 3259 1742 3290 τι
1761 3247 1821 3308 περ]
1840 3236 1892 3292 πᾶν
1911 3245 2006 3291 &colas

331 3335 375 3380 xci
394 3326 440 3381 scic
459 3323 566 3380 tataris
585 3334 627 3379 καὶ
648 3322 691 3380 τοὶς
710 3324 811 3392 ἐπῳδοῖς
830 3335 873 3379 κα]
893 3322 943 3393 τήν
958 3330 1121 3394 μαγγανείαν
1138 3325 1228 3378 πᾶσαν
1246 3334 1288 3378 καὶ
1306 3329 1435 3394 γοητείαν.
1472 3327 1577 3391 Astyrici.
1593 3326 1623 3375 de
1642 3328 1688 3379 οἰν.
1703 3327 1746 3375 dei
1766 3326 1840 3385 VIII,
1856 3328 1896 3375 22
1913 3330 2007 3388 restat,

333 3420 363 3469 ut
386 3415 459 3469 nullo
483 3413 560 3468 modo
585 3412 744 3468 credendum
767 3413 818 3477 sit,
847 3411 917 3481 quod
935 3412 1065 3482 Apuleius
1084 3412 1242 3480 persuadere
1262 3412 1372 3476 nititur,
1396 3412 1436 3464 ita
1454 3429 1511 3465 osse
1531 3413 1630 3466 medios
1650 3413 1790 3465 tlaamones
1809 3413 1880 3467 intcr
1898 3412 1961 3466 deos
1980 3418 2008 3467 et

332 3502 453 3556 homines
470 3503 599 3570 tanquam
617 3499 797 3553 internuntios
816 3503 844 3553 et
860 3500 1028 3569 interpretes,
1048 3500 1094 3568 qui
1113 3499 1176 3552 binc
1194 3499 1282 3552 lerant
1299 3498 1443 3568 petitiones
1462 3503 1575 3559 nostras.
1603 3499 1664 3553 inde
1682 3499 1800 3552 referant
1818 3499 1927 3553 deorum
1945 3517 2009 3569 sup·

332 3590 426 3660 petias.
463 3592 512 3655 cfr.
533 3588 591 3640 ibid.
612 3588 690 3648 VIII,
710 3588 753 3640 24.
782 3587 841 3639 ibici,
863 3587 939 3647 VIII,
961 3586 996 3637 16
1012 3585 1078 3639 dicit
1095 3585 1129 3638 ad
1146 3603 1191 3639 eos
1208 3586 1341 3654 pertinere
1359 3585 1536 3639 divinationes
1554 3602 1696 3653 uirgarum,
1715 3585 1896 3655 haruspicum.
1915 3590 2007 3640 vatum

332 3680 413 3746 atque
425 3676 603 3736 somniorum
622 3674 655 3727 ab
668 3674 711 3727 his
724 3690 828 3743 quoque
841 3666 898 3727 essa
913 3673 1042 3727 miracula
1054 3688 1200 3740 magorum.
1214 3702 1245 3711 —
1264 3675 1297 3725 11]
1317 3674 1367 3726 Cic.
1381 3674 1412 3721 de
1426 3673 1500 3724 divin.
1511 3675 1532 3733 1,
1542 3674 1585 3732 21,
1594 3673 1634 3725 411,
1649 3702 1680 3710 -
1702 3674 1732 3724 ll
1751 3673 1807 3726 Lio.
1816 3674 1901 3732 XXI,
1911 3673 1955 3733 63,
1965 3674 2008 3725 13.

333 3766 388 3818 Liu.
407 3766 431 3825 J,
452 3764 498 3824 36,
518 3763 538 3812 3
555 3780 591 3825 aq.
631 3761 681 3814 Cic..
701 3762 733 3810 dc
750 3761 826 3814 diaria.
846 3763 869 3822 J,
891 3762 929 3822 17,
950 3761 995 3813 32.
1016 3790 1049 3798 -·
1070 3760 1101 3813 12
1120 3761 1176 3813 Lis.
1199 3761 1221 3820 I,
1242 3760 1284 3820 34,
1305 3764 1327 3812 d.
1349 3789 1381 3797 -
1400 3760 1433 3812 13
1455 3761 1510 3811 lisa.
1532 3761 1555 3821 l,
1577 3759 1623 3819 39,
1644 3759 1665 3811 I.

439 3903 523 3956 lhoc
541 3903 579 3953 M
697 3901 797 3956 Graeco
817 3900 856 3952 ed.
879 3900 1000 3950 Caluinae
1021 3900 1117 3955 Graeci
1137 3899 1186 3977 0·
1282 3895 1409 3966 δαίμονος
1427 3896 1466 3952 ed.
1483 3900 1579 3949 Aldina
1597 3899 1764 3953 demonesO
1871 3897 2010 3951 terricolas

334 4043 377 4076 em,
389 4023 419 4081 0,
439 4021 499 4074 add.
519 4022 661 4072 Vulcnru'um
679 4032 777 4071 sacratus
794 4022 984 4071 Goldbcchcrna
1055 4020 1071 4070 ‘2
1089 3981 1215 4088 suppetiis
1234 4023 1281 4071 Μ1
1354 4021 1372 4073 3
1390 4019 1509 4088 uirisque
1522 4021 1648 4069 (laesurus
1660 4020 1696 4069 nd
1712 4020 1827 4069 Plutonia
1845 4038 1922 4083 apum.
1934 4038 1960 4082 p.
1972 4019 2011 4068 20

334 4109 474 4178 utriusque
496 4109 517 4159 O
536 4109 671 4178 utrimque
693 4109 885 4173 Oudendorpius·
991 4108 1116 4177 simposio
1136 4109 1172 4157 Μ
1187 4108 1341 4176 symphosio
1360 4109 1386 4157 F
1482 4107 1590 4159 avaria
1608 4108 1747 4173 magorum
1767 4108 1864 4155 ιὀοοννο
1883 4107 1970 4154 ordinae
1988 4107 2015 4153 F

335 4202 460 4251 5eorum
479 4197 540 4250 secl.
563 4195 754 4246 Goldtaclaerus
869 4195 1002 4249 Garumnis
1021 4196 1058 4244 M
1167 4193 1332 4248 ficiculandis
1352 4196 1388 4244 Μ
1498 4194 1580 4263 Sper
1598 4201 1648 4263 que
1668 4194 1706 4243 Μ
1819 4192 1961 4245 9nnmine
1979 4193 2017 4242 M

337 4320 370 4372 10
388 4317 539 4372 hannibalis
552 4318 642 4371 omnia
652 4318 690 4367 M
704 4336 769 4368 corr.
784 4319 835 4366 ΜΞ
909 4317 939 4369 ll
960 4315 1155 4369 comminentur
1173 4315 1308 4366 ll'owerina
1327 4316 1553 4368 comminarentur
1565 4316 1592 4363 F
1606 4274 1815 4367 comminarentur
1827 4315 1864 4364 Μ
1869 4317 1877 4347 ¹
1901 4313 2010 4366 commi·

337 4407 458 4460 nitentur
479 4404 671 4469 Oudendorpr'ne
779 4402 925 4456 flamminio
945 4405 982 4453 Μ
1087 4402 1242 4471 praedicant
1260 4402 1411 4452 Siewechius
1429 4400 1584 4470 praedicent
1604 4401 1625 4449 0
1731 4402 1799 4452 Atto
1820 4399 2011 4465 Oudendoryu'ua

338 4495 406 4548 111110
424 4494 499 4544 ΜΡ
525 4492 598 4546 accio
618 4493 655 4541 M
737 4489 814 4542 navio
835 4500 860 4552 10
879 4490 906 4538 ni
915 4493 941 4556 s.
962 4510 992 4538 ar
1010 4491 1055 4557 gio
1075 4491 1099 4538 Iu
1118 4509 1171 4541 ras.
1193 4491 1257 4545 11111
1279 4490 1315 4538 M
1419 4488 1451 4540 12
1471 4488 1536 4541 item
1555 4489 1691 4537 Mercerna
1710 4487 1750 4539 ita
1770 4487 1792 4536 0
1883 4486 1914 4539 13
1936 4488 2011 4541 culu-

338 4581 456 4634 minetur
473 4581 511 4630 M
531 4577 720 4632 colluminatur
739 4578 776 4627 M
781 4578 792 4610 ¹
918 4580 1064 4646 posttrcrno
1084 4578 1122 4627 M
1241 4576 1274 4629 14
1298 4575 1410 4628 ariolum
1428 4576 1455 4624 F
1574 4574 1769 4641 fulgoratorum
1788 4576 1827 4624 M
1929 4573 2011 4642 sybil-

338 4667 462 4721 1111111110
531 4663 685 4732 sybillarum
705 4663 823 4718 carmina
842 4665 940 4714 intaeta>
959 4664 1046 4714 ordine
1060 4665 1085 4712 F
1154 4666 1185 4716 lb‘
1204 4661 1355 4716 hannibalis
1370 4664 1405 4712 M
1472 4661 1504 4714 17
1523 4661 1610 4728 fingat
1627 4660 1770 4711 Salmasius
1788 4661 1916 4714 udSolr'u.
1928 4682 1955 4727 p.
1966 4662 2012 4711 781

338 4785 435 4855 pinget
456 4787 477 4835 0
566 4745 684 4839 flaminii
709 4798 736 4845 1ο
754 4805 774 4836 s.
796 4785 812 4836 1.
831 4784 891 4837 cdd.
911 4786 968 4853 F2)
989 4787 1013 4834 F
1105 4787 1233 4852 courogot
1250 4785 1277 4832 F
1291 4786 1414 4849 corrogat
1434 4783 1470 4832 M
1483 4780 1639 4834 conroborat
1660 4781 1851 4832 Goldtacleraa
1946 4783 2014 4834 Atto

342 4872 536 4938 Oudendorpiua
554 4872 609 4926 atio
629 4874 665 4922 M
679 4871 747 4924 attio
765 4873 792 4921 F
875 4873 952 4925 navio
972 4892 1015 4925 om.
1036 4875 1061 4922 F
1157 4887 1233 4924 aram
1251 4871 1452 4934 Lindenbropius
1471 4884 1564 4923 navem
1583 4869 1610 4921 F
1623 4868 1712 4922 nerim
1733 4870 1770 4923 M
1854 4868 1965 4938 sybillae
1984 4869 2021 4918 M

339 4959 450 5037 sybillae
468 4958 610 5038 fatiloquia
627 4958 760 5013 versificat
777 4959 818 5013 vel
837 4978 881 5013 om.
901 4961 927 5016 F
1051 4959 1085 5018 20
1103 4958 1172 5013 aeris
1189 4961 1217 5016 F
