4298 5506
944 286 1200 355 -38...

227 493 319 569 cedit,
353 517 443 579 quom
465 491 527 575 ipsc
549 515 567 552 o
591 491 648 553 <titt
677 495 882 557 inmortalibus
910 497 1008 557 clatet.
1053 518 1159 581 neque
1190 501 1274 562 enim
1298 497 1375 561 locis
1406 499 1444 562 ab
1473 500 1532 566 hoc
1558 503 1802 585 ‹tii-ersissiniis,
1834 524 1915 587 quos

227 615 407 678 Gronovius
430 614 468 678 ad
489 612 616 680 Livium
639 612 681 695 ll,
705 615 755 695 56ἲ
783 618 801 677 9
824 622 855 678 et
886 617 960 680 alibi
983 619 1121 701 collegit,
1155 619 1309 701 adducor,
1345 626 1378 683 ut
1403 622 1455 684 hie
1485 632 1545 683 tam
1577 627 1677 687 ‹nnitti
1708 645 1804 707 posse
1835 625 1914 687 mihi

134 790 139 810 ,
228 735 443 817 persuadeam.
464 771 503 779 —
526 737 544 813 ξ
568 733 608 793 63
636 734 721 816 quod
749 735 863 815 legit-ur
892 736 944 796 sed
972 759 1055 797 teror
1083 738 1269 800 timoratius
1302 740 1334 800 al
1356 751 1396 800 est
1422 742 1565 802 serualur
1596 744 1671 803 rr'ltu’
1691 755 1715 802 rt
1731 744 1915 825 purulentiae

217 854 477 938 jbrtaaotissimac
507 854 596 914 ear-rit
626 864 651 913 rt
679 854 754 928 sitit,
783 874 824 917 ne
845 857 1042 918 consimiitas
1068 856 1279 920 membrorum
1303 865 1425 940 puteat,
1453 860 1588 943 tregua,
1617 868 1651 925 ut
1673 865 1761 944 prius
1785 884 1914 946 «proque

224 974 403 1037 membrum
428 974 609 1056 bipartitum
631 975 786 1037 efferatur.
834 975 1086 1056 ‹111a1nob1·otniu
1110 977 1159 1040 bis
1172 978 1313 1062 stuata„
1336 978 1417 1038 illam
1434 981 1597 1063 stratarum
1621 994 1732 1061 raptor,
1756 1002 1837 1064 (luae
1861 983 1912 1044 vel

225 1113 263 1158 co
286 1093 459 1176 offendunt,
483 1094 567 1176 quod
591 1092 676 1173 alibi,
699 1097 854 1175 quantum
876 1113 935 1176 ego
952 1097 1028 1171 scio,
1050 1117 1115 1159 nou
1131 1098 1358 1184 dieiturjlueas
1380 1122 1434 1183 pro
1447 1100 1574 1183 fluento,
1598 1121 1661 1164 non
1688 1101 1807 1181 dubito,
1830 1105 1908 1185 qum

223 1213 373 1277 fructiferi
394 1215 491 1293 rami,
523 1214 576 1295 qui
611 1211 778 1276 Tantalum
807 1213 923 1294 eludit,
955 1215 1061 1297 aliqua
1091 1216 1184 1280 lateat
1206 1219 1404 1299 significatio.
1451 1222 1507 1283 scd
1527 1222 1610 1303 quod
1634 1221 1817 1305 lmmupius
1840 1243 1913 1304 pro·

224 1335 333 1416 posuit
354 1333 491 1416 frat-tum
521 1353 586 1395 non
619 1333 785 1408 satisfacit,
819 1334 895 1394 mibi
927 1342 1032 1397 urrann
1064 1356 1127 1399 non
1151 1340 1296 1422 contigit,
1329 1346 1364 1403 ut
1392 1342 1696 1426 vet·isiniilius.qui‹l
1723 1344 1914 1408 invenirem„

226 1448 385 1535 praetcrea
407 1472 464 1536 pro
485 1471 523 1516 co
547 1453 632 1535 qued
654 1453 778 1515 codices
805 1454 959 1517 exhibent
979 1456 1057 1517 sitine-
1078 1456 1238 1522 Moreerus
1260 1460 1336 1539 legit
1363 1460 1437 1532 aba·
1468 1461 1551 1543 quod
1585 1461 1655 1523 ideo
1685 1463 1806 1543 sprevi,
1837 1465 1913 1545 quio

222 1574 360 1656 Apuleio
402 1578 485 1636 certe
522 1581 773 1636 eoiisentancum
804 1594 867 1635 non
900 1580 947 1635 est
978 1574 1061 1636 idom
1095 1574 1286 1639 uocabulum
1320 1580 1353 1640 in
1378 1579 1427 1641 his
1461 1581 1613 1662 oppositis
1637 1579 1789 1642 membris
1816 1600 1911 1662 rope-

223 1704 296 1756 tOI‘O.
354 1695 480 1756 iuterim
513 1695 610 1776 igitur
646 1693 717 1775 lOgO
745 1693 822 1753 8111111
881 1695 1066 1773 11111111111111.
1110 1732 1148 1740 ·—
1188 1699 1269 1771 §li-l
1297 1718 1337 1761 ne
1367 1701 1525 1761 Sententia
1557 1700 1728 1779 claudicet³
1760 1719 1839 1782 opus
1863 1708 1912 1761 est

222 1817 379 1899 recipere,
415 1814 499 1897 quod
529 1813 718 1876 Vincentius
748 1811 987 1874 Bolloraeonsis
1015 1815 1153 1874 serravit
1183 1824 1215 1873 at
1243 1837 1340 1896 tanos,
1385 1819 1393 1883 11
1409 1838 1481 1897 ‹pms
1497 1820 1505 1886 11
1546 1839 1722 1877 acerinam.
1759 1853 1797 1861 —-
1822 1814 1910 1891 Quae

224 1934 283 1998 sub
306 1934 403 1998 finem
428 1935 505 2015 §65
527 1934 677 2016 leguntur
697 1935 729 1996 in
755 1932 927 2013 codicibus,
950 1953 988 1994 oa
1010 1933 1087 1995 adeo
1108 1940 1254 2016 conupta
1275 1942 1360 2017 sunt,
1382 1940 1417 1998 ut
1440 1956 1480 1998 nc
1503 1938 1662 2001 sententia
1684 1937 1812 2019 (pridem
1835 1957 1910 2000 con·

226 2059 294 2119 stet.
341 2075 436 2138 quam
460 2075 500 2118 en
524 2054 672 2117 onmibus
694 2071 779 2116 unus
803 2059 885 2115 reete
910 2052 1071 2114 divinasse
1094 2054 1256 2116 uideretur
1287 2054 1469 2138 Lonnopius
1490 2055 1656 2118 scribendo
1678 2067 1800 2117 stratam
1834 2080 1909 2137 pro-

216 2176 305 2259 fers:
343 2175 393 2235 ori
424 2173 521 2256 plorio
544 2184 583 2235 est
617 2222 622 2234 .
648 2223 654 2235 .
680 2222 707 2247 .,
746 2174 809 2234 nisi
838 2172 948 2234 eadem
974 2173 1088 2235 iterum
1114 2174 1275 2237 ellbrretur
1301 2177 1348 2237 eis
1376 2197 1457 2258 quac
1488 2182 1638 2238 securatur
1665 2198 1820 2255 potoasas
1852 2189 1909 2238 est.-

218 2305 360 2375 parentes
382 2294 497 2355 anta
543 2313 630 2356 nunc
652 2295 684 2354 in
709 2293 771 2355 illis
786 2291 1021 2354 tt'tlsnioamit
1042 2296 1195 2373 sagacitas
1218 2294 1275 2356 hos
1299 2314 1412 2358 versus
1434 2296 1611 2378 indagavit:

1239 2424 1300 2474 sote

645 2529 823 2605 Porthaone,
844 2531 942 2614 ptora'u
979 2537 988 2604 b
1003 2539 1098 2604 ‹uusss
1141 2542 1197 2605 est,
1227 2531 1280 2613 qui
1306 2530 1373 2592 lobs
1396 2531 1480 2614 ⁴fuit,

645 2658 675 2708 ut
705 2649 766 2709 etta
792 2661 924 2731 inpotem
949 2672 1006 2709 aon.
1021 2650 1150 2730 proteret
1174 2699 1179 2710 .
1205 2699 1211 2710 .
1238 2699 1243 2710 .

225 2788 305 2852 quos
329 2769 476 2852 quumris
499 2765 692 2846 dubitanter,
726 2769 810 2850 quod
842 2767 1012 2831 verborum
1036 2767 1213 2830 distributio
1248 2789 1310 2831 non
1344 2770 1419 2831 satis
1448 2771 1526 2832 niihi
1554 2770 1673 2851 placet,
1703 2773 1806 2854 recepi
1840 2791 1911 2853 pro-

223 2895 347 2975 pteroa,
379 2890 463 2972 quod
496 2889 556 2951 loci
590 2891 768 2951 sentcntiae
801 2896 987 2971 congruum.
1040 2889 1248 2971 respondetur
1278 2891 1365 2951 enim
1394 2892 1440 2968 ei,
1473 2891 1528 2971 qui
1555 2893 1721 2973 prosapiae
1749 2893 1911 2972 acribiosi-

223 3015 319 3074 tatem
349 3009 503 3090 celebrat,
533 3030 597 3072 non
624 3029 697 3071 eum
727 3029 822 3072 arttm
855 3009 973 3092 gloriae
1005 3028 1095 3088 esse,
1126 3010 1179 3091 qui
1201 3028 1392 3090 penorosm,
1421 3010 1476 3071 sed
1504 3012 1558 3092 qui
1581 3010 1735 3073 honestus
1758 3013 1806 3074 sit.
1852 3012 1909 3073 hos

224 3135 329 3193 autem
357 3148 470 3191 versus
499 3128 764 3191 Wilamowitrius
796 3133 939 3210 suniptos
969 3147 1040 3190 esse
1069 3130 1246 3211 suspiratur
1273 3148 1314 3190 ex
1342 3129 1430 3190 Arcti
1459 3128 1631 3213 Meleagro,
1662 3150 1800 3213 namque
1830 3141 1910 3191 ..s-otus

224 3249 394 3312 Porthaone
423 3255 471 3311 cst
494 3247 671 3332 Meleager,
702 3250 753 3311 eui
776 3248 824 3310 his
853 3246 999 3310 rensibus
1028 3268 1085 3329 por
1107 3247 1276 3310 verborum
1300 3249 1404 3310 lusum
1433 3256 1480 3310 sut
1506 3252 1712 3331 perspicuum
1742 3249 1909 3332 opprobrio

226 3369 358 3433 habetur
390 3389 470 3432 avus
504 3375 699 3432 vastator.
754 3374 848 3451 atquc
881 3366 1068 3431 Porthaonis
1098 3389 1214 3431 nornen
1244 3369 1281 3431 ad
1316 3369 1399 3431 idem
1427 3369 1593 3432 artificium
1623 3369 1789 3433 adhibetur
1815 3373 1910 3433 otiam

224 3490 257 3551 in
280 3491 351 3552 cius
372 3487 512 3569 fabulae,
535 3509 631 3572 quam
664 3488 798 3570 Eupolis
828 3478 942 3560 Πόλεις
965 3490 1139 3571 inscripsit,
1168 3487 1276 3572 fragm.
1303 3490 1340 3549 12
1365 3488 1404 3550 tt.
1437 3498 1469 3550 et
1496 3490 1578 3570 apud
1611 3488 1758 3552 Plautum
1786 3493 1817 3552 iu
1846 3489 1910 3552 tte-

223 3610 364 3673 nuechm.
388 3611 448 3671 145
482 3618 513 3672 et
535 3609 620 3691 apud
643 3607 842 3690 Polyaenum
865 3607 922 3687 Vl,
947 3609 974 3685 1,
998 3608 1025 3668 e.
1072 3607 1184 3690 (ptodsi
1206 3610 1324 3671 Accius
1353 3609 1515 3690 Euripidis
1547 3609 1738 3692 Meleagrum
1770 3612 1851 3672 iutra
1881 3631 1908 3672 a.

222 3732 284 3795 422
305 3736 337 3795 et
359 3751 385 3794 a.
412 3731 473 3793 tte
509 3731 720 3812 compositum
753 3730 962 3811 expresserit,
984 3728 1228 3791 Wilamowitrio
1264 3729 1346 3790 baud
1380 3729 1535 3792 dissimile
1566 3731 1633 3791 rori
1666 3729 1808 3799 ridetur,
1840 3731 1910 3793 illos

222 3871 336 3915 vorsus
364 3851 403 3914 ad
435 3851 670 3914 altercationem
701 3850 840 3931 aliquam
868 3849 1041 3930 pertinere,
1074 3848 1176 3929 (lualis
1200 3848 1238 3910 de
1270 3848 1402 3911 honesto
1431 3850 1580 3931 coniugio
1612 3849 1706 3911 fuerit
1739 3852 1771 3911 in
1805 3849 1911 3912 fabula

223 3970 410 4055 Euripidem
444 3970 495 4033 etr.
525 3969 582 4051 frg.
612 3972 674 4032 524
697 3988 764 4051 sqq.
796 3967 890 4030 Dind.
1173 4057 1178 4065 .

349 4089 417 4153 Nec
448 4108 524 4154 vero
562 4088 704 4151 socordia
734 4086 828 4150 modo
858 4086 1055 4150 librariorum
1085 4086 1239 4150 voeabtda
1270 4088 1424 4170 qttaedam
1452 4087 1696 4162 interciderunt,
1734 4108 1845 4153 rerum
1874 4090 1906 4151 in

222 4213 384 4295 prooemio
411 4211 495 4293 quod
522 4209 636 4272 dicitur
665 4210 759 4271 etiarn
789 4208 933 4269 consulto
959 4227 1074 4289 magna
1104 4227 1176 4289 pars
1204 4208 1426 4288 disputationis
1448 4209 1566 4269 omissa
1595 4214 1658 4287 cst,
1688 4229 1769 4290 quae
1802 4209 1910 4290 lingua

224 4331 344 4396 Graeca
366 4349 519 4413 expressa
541 4333 614 4393 erat.
660 4349 696 4391 ae
715 4348 756 4391 nc
779 4329 902 4391 mireris
925 4348 995 4390 euin
1019 4328 1162 4389 consulto
1183 4330 1437 4408 praetermissam
1462 4348 1548 4391 esse:
1579 4330 1606 4389 is
1626 4329 1682 4410 qui
1705 4329 1910 4410 aralietypum

224 4453 382 4532 exaravit,
406 4451 561 4515 sermonis
584 4447 694 4512 Gracci
725 4451 847 4532 peritus
869 4468 932 4510 non
957 4452 1037 4526 erat,
1065 4467 1203 4530 namque
1234 4449 1266 4509 in
1297 4449 1410 4511 ceteris
1442 4446 1532 4510 libris
1559 4466 1659 4528 pauca
1686 4448 1756 4521 illa,
1789 4468 1910 4531 quaec

224 4571 353 4635 Graecis
376 4571 581 4655 scriptoribus
604 4570 787 4649 atteruntur,
810 4574 846 4630 nt
866 4569 968 4649 potuit
991 4569 1135 4650 depinxit
1156 4569 1263 4651 potius
1294 4588 1390 4651 quam
1419 4567 1593 4649 descripsit.
1626 4567 1775 4631 dividitur
1805 4573 1910 4631 autem

222 4694 421 4775 prooemium
444 4694 475 4754 in
500 4693 579 4755 duas
598 4695 713 4773 partos,
737 4709 871 4771 quarum
895 4689 947 4752 illa
970 4708 988 4751 c
1011 4692 1050 4769 ἐξ
1076 4690 1178 4770 1-3,
1212 4688 1288 4750 turco
1311 4692 1436 4750 constat
1457 4706 1474 4748 e
1498 4690 1516 4766 ᾗ
1541 4688 1577 4761 9;
1602 4687 1666 4749 illie
1688 4689 1845 4770 Apuleius
1868 4709 1908 4751 ox

221 4819 364 4897 tempore
392 4813 532 4876 dictmus
563 4810 601 4874 ab
636 4814 683 4873 eis
710 4813 764 4894 qun
793 4810 930 4874 audituri
967 4816 1042 4873 sunt
1071 4813 1195 4873 reniam
1229 4810 1321 4892 petit:
1355 4808 1405 4870 hie
1436 4806 1580 4869 absoluta
1611 4816 1699 4888 parte
1728 4809 1846 4873 Graeca
1878 4827 1912 4873 sc

220 4936 428 4998 transiturum
460 4951 531 4995 csse
558 4932 711 5015 promittit
741 4930 780 4993 ad
803 4930 947 4993 eiusdem
976 4931 1125 4994 orationis
1154 4928 1341 5013 particulam
1370 4925 1524 4991 trutinam.
1570 4946 1652 5011 quac
1675 4948 1749 4993 cum
1771 4932 1815 4993 ita
1838 4932 1912 5011 sint,
