4298 5506
956 350 1212 421 ...12-

242 558 418 643 devergunt
440 562 526 623 eninr
548 561 708 644 pondere,
740 561 795 624 sed
822 581 883 625 nec
909 559 1087 642 flammida,
1115 581 1156 625 ne
1179 581 1307 627 sursum
1332 583 1445 629 rersus
1465 566 1566 629 ealorc
1586 572 1756 652 rapiantur.
1804 578 1922 656 tempe-

239 679 338 743 randa
363 685 411 743 est
438 700 512 764 crgo
543 681 637 744 nobis
659 701 716 764 pro
747 682 806 744 loci
828 682 995 746 medietate
1013 679 1118 745 media
1139 685 1267 759 natura,
1292 688 1327 743 ut
1358 703 1398 745 ox
1426 686 1566 767 regionis
1597 689 1725 769 ingenio
1756 691 1797 752 sit
1826 693 1920 754 otiam

177 799 217 860 34
239 799 413 863 cultoribus
437 801 507 863 eius
529 802 705 884 ingenium.
751 801 828 864 cedo
851 801 948 883 igitur
968 805 1076 864 mento
1096 801 1270 864 somromus
1298 807 1329 865 et
1350 805 1521 885 gignamus
1544 808 1650 870 terrimo
1673 808 1704 871 id
1727 828 1830 890 genus
1854 830 1920 874 cor-

158 923 215 980 141
240 938 352 1001 porum
384 923 488 993 texta,
516 941 598 1004 quae.
628 940 733 1004 neque
762 926 824 984 tatur
856 919 948 983 bruta
978 941 1074 1004 quam
1102 926 1203 985 terrea
1227 942 1334 1005 noque
1356 928 1419 987 tarn
1451 925 1533 989 levia
1556 947 1652 1010 quam
1675 930 1829 1010 aetheria,
1864 933 1918 994 sort

240 1039 472 1121 quodammodo
496 1042 655 1124 utrimque
683 1043 824 1125 seiugata
845 1041 897 1103 rel
921 1043 1007 1104 enim
1029 1042 1189 1124 utrimque
1212 1042 1385 1104 commixta
1414 1043 1478 1104 sint
1500 1045 1569 1105 sire
1592 1045 1720 1109 arnolita
1741 1067 1799 1111 seu
1820 1049 1921 1112 rnrnli-
1944 1053 1962 1110 a

240 1158 332 1224 ficata
352 1163 520 1244 utriusque
543 1161 588 1223 roi
611 1161 856 1244 participatione.
901 1160 957 1224 scd
984 1161 1109 1224 facilius
1136 1181 1177 1224 ox
1212 1166 1346 1245 utroquo
1369 1181 1464 1245 quarn
1488 1182 1529 1227 ex
1552 1171 1663 1228 neutro
1687 1169 1917 1252 intellegentur.

240 1280 376 1345 habeant
405 1282 502 1365 igitur
526 1282 605 1344 haee
635 1281 825 1345 daemonnm
846 1300 977 1364 corpora
1007 1284 1039 1343 et
1061 1279 1219 1342 modicum
1242 1280 1409 1362 panteria,
1437 1300 1478 1343 ne
1500 1282 1539 1344 ad
1562 1301 1701 1366 superna
1722 1287 1920 1359 inscenderit,

178 1402 217 1463 35
255 1407 335 1478 neti
371 1400 490 1485 aliquid
513 1402 667 1477 levitatis,
697 1421 738 1464 no
767 1400 804 1464 ad
837 1400 959 1464 inferna
986 1402 1238 1483 praecipitentur.
1285 1400 1369 1483 (qnod
1398 1401 1553 1465 novabis
1585 1405 1693 1468 ridear
1714 1410 1837 1488 poetico
1858 1412 1920 1472 ritu

184 1506 207 1549 x

157 1577 216 1635 142
239 1519 436 1585 incredibilia
465 1520 663 1603 confingere,
694 1520 775 1584 dabo
806 1523 944 1603 priorum
973 1522 1157 1603 exemplum
1187 1521 1282 1583 buius
1308 1520 1437 1584 libratae
1468 1524 1653 1588 medietatis.
1700 1547 1805 1611 neque
1832 1532 1917 1591 eninr

239 1642 349 1726 procul
375 1641 414 1706 ab
438 1641 496 1704 liae
524 1643 661 1725 corporis
692 1639 864 1705 subtilitate
895 1640 997 1703 nubes
1027 1646 1189 1704 concretas
1221 1640 1376 1704 rirlernns.
1423 1662 1505 1725 quac
1535 1646 1560 1707 si
1590 1664 1693 1730 usque
1721 1648 1798 1711 adeo
1831 1649 1918 1711 leves
1943 1652 1982 1713 10

238 1764 358 1839 forent,
379 1768 414 1825 ut
437 1780 475 1825 ea
497 1780 579 1845 quae
601 1762 731 1824 omnine
752 1765 859 1825 carent
879 1760 1034 1843 pondere.
1057 1780 1234 1843 numquam
1258 1759 1337 1822 infra
1360 1762 1453 1843 iuga,
1476 1772 1512 1825 ut
1530 1784 1760 1848 saepenumero
1778 1771 1919 1833 aninnul-

240 1884 411 1961 veramne,
441 1888 588 1963 gravatae
610 1887 704 1964 eaput
726 1882 802 1945 editi
823 1883 941 1944 montis
969 1900 1029 1943 eeu
1051 1878 1241 1963 quibusdam
1266 1883 1372 1943 onmis
1395 1883 1562 1965 torquibus
1586 1893 1779 1951 coronarent.
1824 1910 1918 1972 porro

240 2004 267 2065 si
297 2008 407 2087 suapte
437 2006 549 2066 natura
579 2005 702 2086 spissae
732 2006 795 2065 tara
824 2020 938 2086 graves
969 2002 1084 2081 tinent,
1121 2007 1155 2065 ut
1183 2002 1272 2064 nulla.
1301 2001 1370 2064 illas
1400 2005 1569 2086 negotiaris
1602 2006 1737 2069 levitatis
1766 2010 1919 2074 admixtio

239 2122 434 2205 sublevaret,
465 2124 602 2207 profecto
624 2143 688 2185 non
712 2142 804 2186 secus
829 2142 924 2205 quarn
948 2120 1070 2205 plumbi
1097 2120 1192 2184 rodus
1214 2128 1246 2184 et
1267 2121 1346 2205 lapis
1369 2127 1479 2205 suopte
1504 2126 1578 2187 uisu
1599 2126 1736 2190 caducae
1756 2132 1847 2192 terris
1869 2133 1918 2194 in-

176 2244 216 2306 36
239 2244 419 2308 liderentur.
473 2262 559 2305 nnnc
588 2245 749 2306 enimvero
779 2241 938 2325 pendulae
966 2245 998 2304 et
1027 2239 1160 2304 mobiles
1186 2241 1248 2303 huo
1278 2249 1372 2326 atque
1400 2244 1475 2307 illuc
1504 2247 1575 2308 viee
1604 2249 1733 2310 navium
1767 2251 1799 2311 in
1836 2253 1915 2314 aeris
1943 2254 1982 2314 15

238 2365 350 2448 pelago
381 2365 486 2426 rantis
511 2362 729 2447 gubernantur
756 2363 922 2445 paululum
954 2363 1148 2425 inmutantes
1175 2364 1377 2443 proximitate
1400 2369 1431 2425 et
1453 2365 1692 2447 longinquitate.
1748 2371 1867 2452 quippe
1890 2374 1917 2432 si

157 2492 215 2550 143
239 2486 347 2570 aliquo
369 2487 501 2550 humore
523 2483 676 2549 fecundae
699 2490 789 2563 sunt,
815 2483 915 2546 relati
939 2481 977 2545 ad
998 2483 1097 2546 l'etum
1117 2480 1275 2545 edendum
1295 2481 1427 2546 ‹loorsus
1450 2483 1682 2567 ‹legrassantnn
1729 2495 1824 2570 atquo
1847 2489 1916 2553 irleo
2008 2504 2012 2511 '

219 2582 449 2683 'humectiores
465 2603 618 2666 humilius
633 2606 740 2666 meant
762 2602 868 2685 aquilo
889 2603 1026 2685 agmine,
1045 2608 1146 2665 tractu
1168 2604 1330 2686 segniore;
1355 2604 1444 2666 sudis
1465 2624 1540 2666 roro
1562 2605 1728 2671 sublimior
1749 2629 1864 2674 elusus
1886 2620 1916 2673 et

237 2731 305 2788 tum
327 2726 471 2788 lanarum
495 2722 667 2787 velleribus
696 2723 816 2787 similes
845 2729 997 2805 aguntur,
1028 2742 1107 2785 eane
1129 2724 1271 2806 agmine,
1302 2723 1408 2787 volatu
1436 2727 1621 2807 perniciore.
1669 2727 1788 2811 [ironne
1814 2732 1916 2812 audie,

239 2847 317 2931 quid
346 2865 445 2928 super
472 2847 590 2909 tonitru
618 2843 784 2908 Lueretius
810 2843 1037 2906 facundissime
1066 2842 1213 2906 disserat:
1256 2842 1462 2926 principio
1496 2848 1645 2910 tonitru
1679 2852 1917 2931 quatiuntur
1940 2856 1982 2917 20

238 2967 397 3031 caerula
437 2967 541 3030 caeli
576 2971 796 3049 propteroa,
844 2966 935 3047 quia
975 2970 1227 3026 concitarunt
1269 2962 1444 3026 sublimo
1481 2966 1668 3030 volantes
1706 2970 1916 3035 aetheriae

176 3087 214 3150 37
238 3087 370 3151 nubes
413 3090 593 3158 licentiati
628 3083 901 3169 pugnantibus
931 3081 1092 3173 ventis]
1144 3081 1228 3165 quod
1260 3084 1287 3144 si
1318 3083 1420 3146 nubes
1450 3084 1585 3149 sublimo
1617 3088 1767 3167 volitant,
1799 3091 1916 3174 quibua

180 3193 213 3236 3¹
234 3209 345 3277 ,omnis
370 3211 401 3270 et
422 3212 552 3269 exortus
575 3210 623 3269 est
643 3209 788 3268 terrenus
816 3209 848 3266 et
868 3207 949 3265 rotro
971 3201 1121 3265 detluxus
1144 3204 1312 3285 interrae,
1340 3205 1417 3285 qnid
1439 3206 1565 3268 tandem
1589 3226 1701 3273 censes
1725 3211 1916 3276 daemonnm

156 3333 215 3391 144
239 3328 388 3412 corpora?
417 3346 498 3410 quae
526 3332 601 3390 sunt
631 3330 777 3389 concreta.
803 3324 902 3387 multo
925 3328 1011 3386 tanto
1043 3322 1217 3401 subtiliora,
1262 3344 1325 3386 non
1349 3327 1435 3388 eninr
1455 3346 1495 3387 ex
1519 3327 1577 3390 hae
1599 3329 1793 3395 faureulentae
1816 3333 1916 3396 nube-

236 3450 327 3513 culae
357 3448 478 3512 fumida
504 3449 640 3531 caligine
666 3432 867 3529 conglobata'.
899 3445 992 3506 sicuti
1016 3442 1149 3506 nubium
1173 3463 1275 3527 genius
1299 3450 1363 3527 est,
1396 3446 1450 3509 sed
1479 3467 1521 3509 ex
1551 3448 1606 3512 illo
1632 3452 1806 3531 purissimo
1835 3456 1915 3518 aeris
1940 3460 1983 3519 25

341 3701 376 3754 ‘20
397 3702 496 3754 errrrt.
525 3700 567 3759 Vl,
588 3699 705 3751 tia-98.

343 3843 355 3895 1
376 3858 425 3895 nee
441 3844 575 3892 ,ism-eras
596 3858 627 3893 ne
643 3844 664 3885 1)
769 3838 941 3905 temperanda
960 3849 973 3892 e
992 3854 1055 3905 ergo
1074 3839 1205 3886 lar-ialam
1219 3840 1291 3887 1621
1309 3839 1480 3910 temperanda
1499 3858 1562 3909 ergo
1579 3844 1602 3892 F
1617 3845 1789 3913 temperanda
1807 3864 1870 3913 ergo
1886 3850 1919 3897 ,11

237 3929 410 3999 temperanda
430 3946 492 3996 ergo
513 3930 550 3979 M
553 3931 564 3963 ²
677 3927 693 3979 3
713 3931 817 3979 urentes
835 3927 871 3976 M
885 3928 908 3991 (a
927 3946 995 3979 aaa,
1018 3928 1052 3975 M
1056 3929 1081 3981 aq
1192 3925 1322 3978 ‹iterraa
1342 3926 1404 3991 ais.
1427 3929 1464 3979 M.
1484 3930 1570 3982 terrea
1592 3932 1626 3979 M
1632 3934 1643 3964 ²
1740 3933 1866 4003 aetlnrea
1886 3937 1922 3984 M

237 4022 253 4071 5
272 4018 406 4086 utrimque
425 4017 499 4079 aaziae
518 4020 632 4084 utruque
653 4018 675 4059 1)
763 4014 778 4067 7
798 4013 955 4066 inscerulant
976 4014 1075 4062 (soleam
1094 4012 1220 4066 incedant
1241 4014 1274 4062 M
1290 4012 1397 4066 incedat
1415 4015 1441 4062 F
1526 4018 1587 4070 atat
1608 4020 1694 4079 ((1.1),
1716 4020 1776 4073 add,
1796 4022 1916 4085 Scaliqar

237 4109 253 4161 9
278 4105 359 4174 libert·
382 4105 418 4154 al!
519 4102 552 4156 12
575 4118 653 4171 porro
680 4120 754 4165 uaqrre
779 4102 815 4150 od
849 4098 1025 4154 inliderentur
1048 4120 1090 4153 orn.
1117 4101 1164 4149 ard
1189 4102 1213 4149 r'n
1238 4120 1317 4165 rnary.
1345 4102 1392 4150 r'rno
1418 4103 1479 4155 add,
1501 4105 1535 4153 Μ
1542 4108 1548 4137 ¹
1671 4107 1703 4159 13
1729 4109 1867 4161 vptpqup'qq
1894 4111 1921 4159 F

239 4227 271 4281 14
287 4225 368 4280 rodus
388 4227 524 4275 aller-neruo
544 4223 624 4277 robus
643 4225 669 4272 F
689 4222 769 4276 robur
789 4224 824 4271 M
924 4226 1019 4291 suapte
1039 4225 1076 4272 M
1177 4221 1345 4274 illiderentur
1364 4225 1398 4272 M
1503 4185 1711 4293 repandune
1811 4229 1843 4281 17
1863 4230 1916 4283 alia

236 4384 289 4436 «quo
308 4366 419 4419 humero
434 4366 467 4414 M
536 4323 662 4416 lecdndae
677 4364 710 4412 M
717 4366 727 4396 ²
819 4361 852 4413 ad
871 4361 971 4414 fectum
989 4364 1024 4411 M
1036 4361 1070 4413 ad
1090 4362 1192 4415 foetum
1207 4363 1256 4411 M²
1350 4361 1520 4427 degrassatur
1539 4365 1576 4411 M
1659 4364 1691 4416 18
1710 4367 1799 4435 aquilo
1815 4370 1915 4432 lapara

236 4453 369 4522 aquilonis
391 4452 413 4499 l)
484 4450 605 4519 segniore
626 4452 761 4499 narcara
779 4448 914 4517 uaniora
935 4449 957 4493 1)
1037 4449 1068 4502 la
1088 4454 1145 4501 tum
1175 4449 1309 4497 l'nlaaar'aa·
1329 4464 1389 4501 erun
1412 4448 1433 4493 (r
1503 4449 1624 4503 lanarum
1644 4453 1718 4502 Fal*
1740 4454 1864 4508 lunarum
1885 4458 1916 4505 M

235 4558 322 4594 nonne
341 4561 416 4605 risque
435 4540 472 4588 ad
489 4539 576 4593 ventis
594 4539 689 4587 rea-lua·
845 4536 880 4587 ‘20
896 4546 954 4600 poa!
972 4537 1075 4589 tonitru
1097 4555 1164 4588 eras.
1184 4553 1244 4603 qua,
1264 4537 1353 4584 ‹ler'ado
1372 4537 1500 4589 lucretius
1519 4538 1542 4584 r'n
1563 4538 1588 4591 l.,
1611 4550 1695 4587 ‹aara
1716 4561 1791 4605 raeque
1810 4543 1846 4590 ad
1863 4560 1915 4610 qna

237 4630 356 4697 [tiuntnr
373 4650 394 4681 a.
415 4629 430 4680 l.
453 4629 479 4676 io
500 4629 532 4677 M
621 4627 682 4678 ⁸⁶21
707 4628 848 4694 propteroa
866 4623 928 4691 qnia
947 4624 1021 4687 rarlyo
1049 4628 1158 4692 propter
1176 4623 1229 4675 alia
1249 4628 1271 4669 0
1383 4624 1506 4676 ethereae
1528 4626 1561 4673 M
1663 4627 1696 4678 22
1715 4634 1809 4682 contra
1827 4649 1870 4681 aaa.
1894 4634 1915 4675 ()

243 4768 293 4821 dri.
318 4769 391 4834 aalya
469 4763 701 4835 propugnantibus
722 4765 747 4812 F
761 4720 974 4832 propugnantibus
994 4763 1027 4811 M
1096 4761 1169 4813 venis
1190 4766 1212 4807 0
1230 4761 1266 4813 al.
1286 4762 1352 4814 retis
1371 4784 1391 4813 a.
1411 4763 1426 4815 1,
1446 4764 1472 4811 F
1546 4764 1579 4815 23
1597 4768 1638 4815 eat
1656 4769 1776 4819 terrenus
1795 4770 1915 4832 &eanw-

246 4860 402 4909 tterrenus
418 4857 442 4903 l'
457 4858 485 4906 et
502 4854 633 4906 terrenius
655 4854 686 4902 M
756 4852 789 4904 21
808 4852 933 4903 concretu
956 4850 1091 4899 blara-raa
1162 4852 1238 4902 tamn
1253 4852 1327 4915 ‘'lla‘’
1346 4853 1461 4903 tantari
1532 4850 1672 4904 subtiliora
1696 4855 1827 4903 pam-„im
1843 4858 1914 4905 alm

243 4944 360 4997 nbtilicr
381 4946 402 4991 t)
434 4941 574 4995 subtiliore
598 4941 731 4990 Mer-mre
855 4937 1021 4991 faeculentae
1040 4937 1185 4991 nubeculae
1204 4935 1306 4990 fumida
1324 4939 1420 5003 arripui
1450 4939 1600 4992 faeculenta
1619 4939 1749 4994 nubecula
1767 4943 1872 4996 tumida
1893 4944 1915 4992 0

273 5040 302 5089 et
318 5033 347 5086 tn
364 5028 457 5086 mide?
490 5033 517 5081 et
536 5027 626 5081 umida
646 5028 744 5077 Calvina
