4298 5506
921 192 1176 262 ..15-

208 404 319 467 merita
339 402 437 466 nullis
460 401 577 487 [bonis]
610 402 740 467 sedibus
771 405 891 466 incerta
919 404 1087 487 vagatione
1116 422 1177 465 ceu
1199 401 1335 486 quodam
1358 405 1455 467 exilio
1478 407 1640 488 poenitur,
1674 406 1771 468 inane
1800 408 1897 470 terri-

207 522 423 587 culamentum
446 523 538 587 bonis
561 523 763 602 hominibus,
782 528 922 586 ceterum
944 524 1036 586 malis
1059 524 1204 599 noxium,
1227 523 1257 586 id
1280 542 1383 607 genus
1406 524 1550 607 plerique
1572 523 1690 588 Larvas
1712 523 1895 608 perhibent.

208 662 283 705 cum
308 662 383 706 vero
414 644 571 707 incertum
599 648 662 724 est,
696 664 778 728 quae
807 646 925 728 cuique
949 663 1058 709 eorum
1087 645 1207 708 sortitio
1237 645 1395 723 evenerit,
1427 650 1534 708 ritrum
1562 643 1623 707 Lar
1651 648 1754 709 sitan
1776 645 1895 726 Larva,

208 763 339 828 nemine
352 760 496 825 Manium
512 763 608 826 doum
622 767 825 847 nuncupant,
848 764 968 827 scilieet
987 764 1115 826 honoris
1129 766 1228 847 gratia
1243 764 1294 827 dei
1312 763 1503 827 vocabulum
1520 765 1659 828 additum
1681 770 1737 829 ost.
1771 768 1895 850 qnippe

207 885 331 947 tantum
348 902 404 946 eos
425 883 502 946 deos
523 883 694 966 appellant,
715 884 771 967 qui
792 902 834 946 ex
857 883 916 947 hoc
934 882 1026 947 daem
1041 897 1049 963 n
1066 905 1163 947 onum
1178 890 1187 957 l
1224 904 1355 948 numero
1378 885 1461 947 iuste
1483 903 1519 947 ac
1538 886 1709 967 prudenter
1731 887 1893 950 curriculo
1920 890 1942 951 5

208 1004 293 1065 vitae
314 1000 489 1086 gubernato
519 1022 575 1085 pro
607 1005 740 1066 numine
770 1007 881 1085 postea
901 1002 1085 1067 hominibus
1111 1005 1243 1087 praediti
1271 1005 1354 1067 fanis
1377 1010 1408 1067 et
1439 1006 1639 1068 caerimoniis
1662 1007 1759 1090 vulgo
1779 1007 1894 1071 adver-

124 1127 184 1184 154
206 1126 317 1186 tuntur
339 1126 374 1185 ut
392 1124 427 1185 in
444 1123 577 1187 Boeotia
591 1122 815 1206 Amphiaraus,
837 1124 870 1184 in
895 1123 1000 1186 Africa
1014 1122 1156 1205 Mopsus,
1178 1125 1212 1186 in
1226 1126 1371 1207 Aegypto
1395 1123 1506 1205 Osiris,
1529 1125 1610 1187 alios
1634 1125 1708 1188 alibi
1731 1127 1891 1209 gentium,

208 1242 422 1325 Aesculapius
445 1240 573 1325 ubique.

143 1364 185 1424 48
251 1436 254 1445 .
334 1362 456 1426 Verum
479 1363 557 1426 haec
579 1364 683 1425 onmis
698 1361 875 1426 distributio
896 1382 1006 1425 eorum
1024 1363 1215 1426 daemonum
1237 1363 1306 1444 fuit,
1329 1365 1384 1446 qui
1400 1363 1560 1446 qarondam
1578 1363 1611 1425 in
1634 1384 1763 1446 corpore
1780 1370 1892 1429 riostro

137 1467 192 1511 '¹⁸⁷¹
206 1483 306 1546 fuere.
351 1486 555 1547 cantantem
575 1502 641 1546 non
656 1485 830 1566 posteriore
862 1503 1011 1560 numero,
1043 1485 1271 1565 praestantiore
1300 1483 1392 1567 longe
1418 1483 1570 1566 (lignitate
1599 1503 1695 1566 super
1724 1484 1773 1546 his
1800 1485 1891 1549 alind
1919 1488 1962 1550 10

208 1604 375 1686 augustius
397 1622 501 1687 genus
532 1602 742 1684 daemonum,
775 1605 831 1686 qui
861 1622 986 1686 semper
1013 1624 1031 1665 a
1060 1606 1200 1684 corporis
1229 1602 1433 1686 compedibus
1459 1609 1491 1666 et
1518 1603 1657 1666 nexibus
1679 1603 1771 1666 liberi
1793 1606 1889 1668 certis

124 1730 184 1787 155
207 1722 414 1807 potestatibus
441 1727 561 1788 eruant.
609 1744 746 1808 querum
772 1744 789 1786 o
818 1742 951 1787 numero
979 1722 1118 1786 Somnus
1143 1729 1238 1807 atquc
1260 1725 1360 1787 Aurer
1385 1723 1543 1786 diversam
1566 1725 1648 1786 inter
1670 1743 1704 1786 se
1727 1725 1791 1786 vim
1815 1745 1890 1808 pos-

143 1845 185 1907 49
208 1843 330 1925 sidant,
361 1846 462 1907 Amor
486 1844 655 1928 vigilandi,
688 1842 827 1907 Somnus
859 1842 1037 1925 soporandi.
1083 1862 1124 1904 en
1152 1844 1210 1905 hae
1239 1843 1335 1925 igitur
1361 1839 1545 1905 sublimiore
1579 1841 1769 1903 daemonum
1796 1844 1888 1926 copia

206 1963 295 2029 Plato
318 1968 461 2029 autumat
482 1965 618 2049 singulis
645 1963 827 2028 hominibus
847 1965 881 2026 in
904 1965 969 2025 vita
996 1963 1120 2046 agenda
1140 1968 1236 2026 testes
1259 1965 1291 2024 ct
1312 1963 1459 2026 custodes
1481 1960 1641 2045 [singulis]
1664 1962 1801 2043 additos,
1831 1965 1888 2047 qni

207 2086 331 2149 nemini
355 2086 521 2168 conspicui
546 2103 671 2168 semper
697 2085 802 2148 adsint
828 2083 934 2146 arbitri
962 2085 1104 2145 omnium
1133 2103 1197 2146 non
1226 2085 1319 2146 modo
1349 2087 1489 2145 aetorum
1519 2100 1628 2144 verum
1653 2083 1746 2145 etiam
1770 2084 1887 2167 cegita-
1914 2088 1959 2149 15

206 2209 320 2269 terum.
365 2208 397 2270 at
417 2203 472 2269 ubi
495 2207 560 2268 vita
581 2205 665 2268 edita
685 2204 891 2267 remeandum
914 2208 978 2284 est,
1001 2204 1138 2266 eundem
1163 2204 1263 2283 illum,
1287 2205 1342 2286 qni
1364 2201 1457 2265 nobis
1478 2201 1641 2284 praeditus
1663 2202 1740 2281 fuit,
1763 2207 1886 2287 raptare

208 2326 280 2389 ilico
303 2326 476 2390 attrahere
497 2325 596 2389 veluti
623 2325 799 2389 custodiam
828 2345 919 2388 suam
944 2325 982 2387 ad
1005 2325 1160 2387 iudicium
1182 2330 1277 2405 atque
1298 2323 1363 2385 illic
1395 2324 1427 2384 in
1451 2341 1547 2385 causa
1568 2323 1706 2386 dicunda
1727 2325 1886 2406 assistere,

209 2447 237 2509 si
259 2467 324 2529 qua
341 2448 598 2527 commentiatru,
627 2447 833 2531 redarguere,
856 2448 883 2509 si
906 2466 970 2529 qua
991 2464 1065 2507 vera
1088 2443 1183 2524 (licat,
1214 2443 1417 2522 adseverare,
1445 2461 1575 2523 prorsus
1598 2443 1684 2505 illius
1705 2445 1887 2507 testimonio

146 2566 185 2628 50
207 2566 281 2629 ferri
303 2568 502 2630 sententiam.
547 2566 679 2649 proinde
701 2586 760 2629 vos
782 2584 903 2647 omnes,
926 2567 982 2649 qui
1006 2566 1086 2628 hanc
1105 2561 1247 2626 Platonis
1266 2562 1408 2625 divinam
1431 2564 1620 2625 sententiam
1644 2583 1695 2626 me
1717 2565 1886 2648 interprete

208 2688 409 2768 auscultatis,
435 2688 479 2749 ita
504 2689 629 2751 animos
658 2692 780 2751 vestros
810 2687 848 2750 ad
876 2706 1098 2771 quaecumque
1126 2683 1248 2768 agenda
1268 2684 1321 2746 vel
1344 2681 1524 2744 meditanda
1544 2684 1687 2764 formate,
1714 2689 1749 2746 ut
1777 2686 1885 2748 sciatis
1909 2689 1957 2751 20

206 2807 285 2870 nihil
307 2807 429 2871 homini
450 2806 537 2891 [prae
567 2809 636 2870 istis
663 2806 859 2891 custodibus]
889 2826 948 2869 nec
968 2808 1050 2869 intra
1072 2808 1216 2869 animum
1238 2822 1297 2866 nee
1320 2804 1396 2865 foris
1419 2821 1490 2865 esse
1513 2806 1642 2883 secreti,
1666 2807 1745 2886 quin
1777 2806 1886 2868 omnia

125 2930 185 2988 156
208 2927 333 2989 eunose
354 2926 408 2989 ille
427 2927 603 3010 participet,
631 2928 737 2989 omnia
769 2928 866 2996 visat,
897 2927 1003 2989 omnia
1031 2924 1209 3008 intellegat,
1239 2925 1272 2986 in
1297 2924 1375 3006 ipsis
1398 2924 1609 3004 penitissimis
1631 2923 1792 2986 mentibus
1816 2927 1886 2988 vice

208 3047 421 3110 conscientiae
440 3046 632 3110 deversetur.
676 3047 737 3128 hie,
758 3066 854 3130 quem
876 3047 962 3127 dico,
988 3065 1116 3130 prorsus
1139 3051 1265 3124 custoS,
1286 3044 1456 3126 singularis
1479 3044 1670 3125 praefectus,
1693 3043 1887 3108 domesticus

209 3167 402 3250 speculator,
423 3167 568 3251 proprius
590 3171 729 3249 curator,
752 3169 884 3231 intimus
908 3169 1062 3251 cognitor,
1085 3166 1236 3229 adsiduus
1260 3165 1459 3247 observator,
1482 3165 1668 3227 individuus
1691 3167 1816 3246 arbiter,
1837 3167 1886 3227 in-

209 3287 394 3370 separabilis
416 3290 525 3366 testis,
554 3289 710 3351 malorum
729 3288 924 3372 inprobator,
955 3287 1110 3350 bonorum
1133 3285 1295 3368 probator,
1327 3288 1355 3347 si
1383 3287 1441 3348 rite
1463 3285 1747 3359 animadvertatur,
1777 3285 1887 3348 sedulo
1911 3289 1955 3349 25

170 3466 173 3472 .
207 3413 432 3491 cognoscatur,
454 3410 602 3492 religiose
625 3409 763 3491 colatur,
792 3409 835 3471 ita
861 3417 896 3471 ut
918 3429 936 3471 a
956 3407 1082 3471 Socrate
1111 3407 1231 3469 iustitia
1255 3408 1286 3468 et
1308 3407 1489 3469 innocentia
1521 3405 1627 3467 cultus
1654 3409 1712 3483 cst,
1734 3406 1765 3466 in
1788 3405 1884 3468 robus

207 3529 337 3594 incertis
359 3533 550 3612 prospector,
572 3527 676 3590 dubiis
699 3527 923 3610 praemonitor,
945 3527 1130 3609 periculosis
1153 3530 1284 3599 tutator,
1307 3527 1417 3609 ogonis
1439 3525 1614 3609 opitulator,
1638 3528 1693 3608 qui
1714 3526 1771 3588 tihi
1791 3531 1885 3609 queat

208 3657 275 3714 tum
298 3647 356 3732 [in]
379 3649 512 3710 somniis
534 3653 603 3711 tum
626 3647 726 3730 signis
749 3651 817 3710 tum
839 3649 933 3710 etiam
953 3648 1084 3711 tentasse
1107 3667 1227 3728 coram,
1249 3666 1322 3709 cum
1343 3666 1422 3709 usus
1446 3646 1595 3729 postrdat,
1627 3647 1710 3710 mala
1733 3666 1885 3709 averrun-

313 3901 346 3954 14
365 3902 433 3952 Plot.
460 3900 520 3952 Tim.
540 3900 577 3951 «90
596 3902 620 3950 A
627 3920 636 3960 ;
659 3901 752 3953 l'lraed.
774 3901 824 3950 107
844 3902 886 3961 I);
909 3902 941 3949 dr
960 3921 988 3948 rr
1004 3901 1072 3965 prrrbl.
1092 3901 1129 3959 X,
1151 3899 1200 3948 617
1219 3900 1244 3948 Ε
1263 3910 1286 3947 ct
1307 3901 1362 3951 620
1381 3900 1412 3951 Ε.

311 4043 325 4094 l
344 4041 420 4095 benis
440 4043 500 4094 neci.
521 4041 696 4091 Mart-landun
716 4043 786 4106 epist.
807 4044 862 4095 crit,
880 4062 906 4106 p,
928 4039 981 4090 103
1101 4040 1206 4093 sedibus
1226 4042 1268 4103 (118
1287 4060 1318 4088 rr
1341 4041 1363 4092 is
1383 4059 1449 4092 cerr.
1471 4042 1532 4089 M²l
1554 4042 1586 4089 ill
1707 4039 1844 4092 vacatione
1865 4039 1889 4086 Ρ

208 4129 332 4198 poenitur
349 4128 548 4178 Wilamorcitzina
566 4128 675 4197 ponitur
689 4131 724 4179 Μ
736 4129 848 4198 punitur
864 4130 887 4179 F
952 4128 968 4178 a
987 4129 1069 4181 sertio
1090 4129 1114 4178 F
1179 4128 1195 4181 4
1216 4127 1335 4180 Manium
1357 4129 1455 4178 Calvina·
1473 4128 1579 4180 Manem
1595 4128 1616 4175 (1
1684 4125 1788 4179 scilicet
1806 4130 1833 4178 ot
1853 4125 1889 4174 Μ

209 4216 365 4271 vocabulum
385 4226 410 4282 (v
430 4236 461 4265 aa
481 4215 507 4267 ol
527 4226 552 4264 nr
570 4235 592 4267 v.
613 4236 679 4269 rorr.
699 4219 737 4267 Μ
741 4220 767 4277 ²)
788 4218 820 4266 Μ
907 4217 992 4269 5lroc
1011 4216 1168 4269 daemonum
1187 4218 1283 4279 arripe·
1307 4214 1398 4268 coslam
1420 4220 1442 4261 0
1528 4213 1672 4282 prudentes
1693 4216 1729 4263 Μ
1802 4214 1883 4280 [ipro

208 4304 318 4358 numine
338 4304 376 4358 ed.
398 4305 519 4355 Galbiana
551 4304 721 4372 praenomina
743 4304 764 4351 0
875 4304 908 4356 ab
927 4303 1080 4356 hominibus
1102 4304 1125 4352 F
1230 4303 1353 4357 iboet-ia
1375 4304 1395 4349 0
1501 4304 1633 4353 aofiaraos
1653 4303 1689 4351 Μ
1713 4302 1844 4353 arrharous
1864 4301 1888 4349 F

209 4392 299 4446 affrica
323 4394 360 4442 Μ
477 4393 561 4459 osyris
587 4392 609 4441 F
727 4393 743 4443 9
766 4395 857 4445 nostro
882 4390 977 4454 arripui
1011 4407 1119 4443 munero
1149 4393 1170 4436 0
1193 4392 1253 4442 recl.
1282 4390 1472 4438 (lolrlooelnrua
1579 4389 1611 4441 10
1635 4387 1826 4456 praestantiori
1852 4388 1888 4435 Μ

208 4496 287 4548 super
300 4480 341 4533 his
359 4479 558 4529 tli'lonroadrzins
576 4480 697 4550 superius
713 4482 734 4525 (1
809 4481 838 4532 ll
858 4478 1002 4548 etpedibus
1018 4482 1051 4529 Μ
1121 4480 1153 4530 12
1172 4480 1267 4531 crrraot
1280 4478 1415 4541 Scioppius·
1434 4480 1562 4529 curantur
1575 4476 1596 4523 t)
1660 4474 1797 4543 pomident
1810 4475 1883 4538 culpo

208 4566 361 4636 possideant
383 4568 404 4617 Ο
477 4568 508 4620 14
523 4568 637 4636 singulis
655 4569 749 4619 aeclna'
764 4569 884 4635 singulos
903 4568 940 4620 ed.
954 4569 1066 4617 leoniana
1158 4569 1188 4620 18
1206 4583 1253 4634 pro
1271 4566 1344 4618 illius
1363 4565 1482 4629 Scotino·
1573 4564 1603 4614 la
1622 4561 1730 4630 preinde
1751 4563 1807 4615 edd.
1827 4571 1880 4613 orer.

208 4654 301 4708 deinde
323 4658 344 4704 1)
467 4656 498 4710 21
517 4657 603 4711 nichil
620 4657 727 4709 omnino
748 4658 772 4707 F
899 4671 962 4724 prae
981 4656 1040 4707 isan
1058 4653 1213 4709 custodibus
1233 4654 1327 4703 reclini
1447 4667 1496 4704 oco
1521 4650 1591 4702 intra
1610 4651 1683 4713 euripo
1714 4650 1741 4703 ni
1758 4650 1831 4703 intra
1851 4650 1888 4698 Μ

209 4760 260 4797 non
273 4741 344 4794 intra
358 4744 381 4792 F
436 4743 470 4796 ‘22
483 4744 553 4797 visat
564 4746 636 4810 nrdpo
648 4745 716 4797 viset
729 4745 750 4792 (l
763 4745 855 4797 visitet
867 4744 1056 4794 Golrlharhrrnn
1118 4743 1152 4795 24
1166 4741 1286 4794 assiduus
1303 4742 1325 4790 F
1380 4738 1414 4792 28
1426 4739 1453 4791 in
1468 4738 1505 4790 ed.
1523 4737 1665 4787 t'olm'onuro
1680 4748 1778 4786 serulus
1790 4737 1884 4785 occlusi

208 4867 318 4920 somniis
340 4866 474 4916 Vaticanus
492 4865 565 4914 3386
600 4866 699 4919 soranis
718 4866 740 4913 0
856 4880 1030 4918 averruncare
1051 4866 1167 4915 I'ithoena
1190 4867 1238 4916 aut
1252 4867 1377 4916 truncare
1399 4861 1435 4911 Μ
1452 4822 1613 4914 altrunecre
1627 4860 1653 4928 rb
1667 4881 1687 4914 o.
1699 4861 1716 4913 1,
1727 4860 1787 4912 add.
1798 4860 1849 4921 F2)
1862 4859 1886 4909 F
1912 4860 1918 4867 '
