4298 5506
936 362 1191 433 ...23-

354 579 461 660 Atque
484 576 517 638 hi
539 575 666 639 codices
695 594 889 658 quamquem
912 593 953 638 ex
973 594 1039 637 uno
1071 575 1239 658 archetype
1262 574 1389 638 oriundi
1411 579 1503 651 sunt,
1532 579 1640 638 tamen
1668 572 1781 637 eadem
1806 590 1849 634 ex
1876 591 1914 635 eo

227 700 280 761 via
306 697 431 761 deducti
460 715 532 759 csso
562 715 625 758 non
655 702 808 778 possuut3
840 715 945 779 nequo
974 697 1062 759 eriim
1089 694 1206 758 dosunt
1235 694 1353 778 quibus
1382 697 1465 758 inter
1496 714 1530 758 se
1553 695 1750 758 dissentiant.
1798 692 1915 776 quodsi

230 819 328 881 utrius
355 818 455 880 maior
475 818 517 879 sit
537 815 616 878 fides
638 818 782 899 spitamis:
817 816 895 879 illud
924 816 1010 878 unde
1040 814 1242 878 Monacensis
1269 815 1447 897 descriptus
1477 821 1525 877 ost
1553 815 1717 897 exemplar
1744 817 1776 877 et
1797 815 1920 876 virtute.

229 959 287 1001 sua
309 941 340 1001 ct
361 938 431 1019 ipso
457 944 597 1019 tompore
623 935 717 1019 paulo
747 937 878 1019 propius
908 934 947 998 ad
973 935 1178 1018 archetypum
1209 935 1344 1016 aceedit,
1372 934 1546 998 Florentini
1575 954 1692 1017 parens
1715 940 1750 998 ut
1771 929 1914 1017 tempore

227 1061 355 1140 longius
379 1057 469 1120 abest
490 1056 528 1119 ab
552 1056 623 1137 illo,
656 1059 698 1119 ita
722 1075 821 1118 manu
847 1056 1078 1139 interpolatrice
1105 1059 1254 1118 mactatus
1276 1061 1332 1118 est.
1378 1075 1453 1118 narn
1475 1057 1613 1138 primum
1637 1057 1664 1118 si
1688 1075 1769 1138 quae
1791 1056 1915 1119 lacunis

228 1181 342 1242 hausta
370 1182 461 1257 sunt,
489 1196 526 1240 ca
548 1177 705 1259 imprimis
728 1177 762 1238 in
795 1177 957 1258 prooemio
985 1174 1187 1240 Monacensis
1211 1177 1312 1258 spatio
1336 1175 1457 1259 aliquot
1478 1177 1653 1239 litterarum
1676 1180 1808 1239 vacante
1831 1175 1916 1238 indi·

229 1301 328 1379 carit,
355 1297 556 1363 llorentinus
584 1301 693 1360 contra
721 1297 843 1359 litatum
870 1301 924 1359 aut
950 1316 1015 1359 non
1039 1299 1169 1379 agnovit
1200 1303 1254 1359 aut
1281 1296 1369 1360 salsis
1392 1296 1615 1360 additamentis
1637 1298 1787 1381 explerit.
1834 1295 1914 1359 addo

230 1419 315 1501 quod
338 1438 444 1482 veram
470 1419 636 1481 lectionem
665 1417 714 1479 his
747 1417 824 1479 loeis
847 1417 935 1479 seins
958 1415 1161 1479 Monacensis
1186 1420 1305 1480 tenuit:
1337 1419 1356 1495 ,ξ
1380 1418 1419 1479 14
1445 1417 1619 1480 rimatnnnti
1640 1416 1673 1479 Μ
1693 1416 1868 1478 mirabundi
1891 1415 1916 1479 F

230 1577 269 1585 —
303 1539 320 1620 ξ
345 1539 382 1600 li
413 1536 557 1620 ineffabili
584 1535 617 1599 Μ
637 1546 662 1596 at
689 1536 838 1618 ineffabili
855 1535 895 1598 F:
928 1536 1031 1599 noluit
1052 1536 1211 1597 maiiestotis
1239 1536 1406 1598 incredibili
1432 1538 1565 1621 prendunt
1594 1537 1742 1599 nimietate
1768 1535 1919 1620 ineffabili

229 1660 297 1721 sine
324 1657 478 1741 particula
506 1655 686 1738 copulativa
717 1658 882 1738 componi,
913 1656 997 1741 qued
1030 1657 1140 1719 vitium
1175 1656 1303 1719 sustulit
1325 1655 1503 1719 Vulcanius
1533 1656 1699 1721 scribendo
1728 1655 1916 1719 incredibilis.

232 1817 264 1823 -—
287 1781 360 1862 §21
378 1780 476 1861 propt
492 1777 525 1840 Μ
542 1786 688 1859 prompto
710 1775 750 1855 F;
775 1777 1047 1839 demonstraturus
1069 1779 1117 1838 ost
1138 1777 1295 1859 Apuleius
1316 1776 1440 1839 nullum
1456 1776 1551 1840 doum
1575 1779 1702 1842 misceri
1721 1777 1915 1842 hominibus,

232 1901 282 1963 hic
306 1901 402 1983 igitur
432 1897 588 1981 numquid
620 1897 752 1959 interest
783 1897 946 1958 hominum
979 1897 1159 1959 intellectus
1189 1897 1229 1958 ad
1258 1896 1333 1959 dces
1365 1898 1602 1981 cognoscendos
1627 1902 1732 1962 utmm
1754 1904 1917 1983 promptus

232 2022 272 2082 sit
294 2039 334 2082 nn
356 2019 488 2081 uiuus?
524 2021 556 2080 at
576 2036 641 2080 non
665 2016 746 2079 nihil
769 2017 901 2078 interest
922 2016 1032 2078 aridirc
1058 2016 1134 2079 deos
1158 2018 1200 2079 ita
1223 2021 1384 2099 tamquam
1409 2016 1611 2081 absconditos
1632 2037 1724 2099 csse,
1753 2025 1789 2082 ut
1817 2019 1917 2082 homi-

234 2160 310 2203 num
334 2138 494 2202 intellectu
520 2138 604 2201 haud
619 2137 710 2199 facito
732 2141 913 2200 noscantur.
959 2156 1033 2219 orgo
1055 2139 1171 2200 reiecto
1193 2136 1247 2199 ilio
1267 2147 1411 2218 prompto
1435 2137 1467 2200 id
1491 2139 1575 2220 quod
1591 2141 1737 2222 proxime
1753 2138 1791 2202 ad
1806 2137 1917 2203 Mona·

233 2262 338 2329 octusis
365 2261 532 2323 lectionem
564 2257 684 2321 eomedit
709 2258 838 2340 reposui
864 2267 1005 2337 prorupta
1033 2259 1051 2319 i.
1076 2276 1103 2320 o.
1126 2269 1246 2339 propte.
1276 2296 1316 2304 —
1347 2259 1365 2339 ξ
1396 2260 1434 2320 31
1460 2258 1611 2339 pinoterent
1639 2258 1672 2321 Μ
1698 2245 1856 2341 φίφιενθηΐ
1877 2258 1917 2337 F3

234 2386 339 2447 verius
367 2387 416 2445 cst
442 2381 527 2465 quod
550 2379 712 2444 llercerus
734 2381 871 2443 restituit
890 2379 1038 2462 piperi-ee,
1073 2382 1148 2463 quia
1169 2386 1242 2443 anto
1266 2383 1418 2462 seriptum
1442 2384 1492 2442 cst
1512 2403 1565 2441 nir
1702 2391 1813 2442 reaturo
1828 2392 1919 2463 pota-

232 2514 322 2566 retur.
347 2541 386 2549 -
410 2504 428 2583 ξ
452 2502 492 2563 35
517 2500 665 2582 repet-ioris
687 2499 720 2562 Μ
741 2500 890 2562 celerioris
912 2498 992 2561 ll-
1016 2501 1096 2577 §40
1117 2499 1210 2561 rideri
1225 2501 1378 2582 perfectus
1401 2501 1434 2563 Μ
1457 2502 1551 2563 uideri
1565 2500 1728 2585 perfectius
1751 2500 1792 2577 Ἐς
1831 2501 1916 2584 quod

233 2629 263 2685 ot
286 2623 461 2685 sententiae
483 2628 513 2684 ct
535 2621 758 2704 grammaticae
781 2623 973 2683 conuarium
987 2619 1082 2683 futtili
1104 2619 1313 2683 Hildobrandi
1335 2622 1550 2703 explicatione
1572 2622 1700 2686 defendi
1723 2642 1789 2687 non
1803 2628 1916 2705 potest.

235 2781 273 2788 —
297 2745 315 2822 ᾗ
338 2742 379 2803 43
407 2740 495 2823 lonpo
524 2740 662 2801 ararieuiti
691 2739 723 2802 Μ
750 2739 834 2822 lotape
860 2740 1000 2801 ian-ietate
1024 2739 1061 2818 F3
1094 2739 1171 2802 illud
1201 2742 1370 2805 emendare
1397 2752 1528 2805 conatus
1556 2749 1618 2823 ost,
1650 2746 1725 2826 quia
1754 2742 1920 2827 ignorabat

233 2861 407 2945 Apuleium
429 2859 517 2943 torpa
538 2880 595 2943 pro
617 2881 726 2941 irnaprnr
750 2860 872 2923 dixisse
894 2861 988 2922 etiam
1014 2861 1045 2921 in
1066 2859 1146 2942 apol.
1164 2879 1189 2922 c.
1204 2862 1244 2923 92
1267 2881 1297 2944 p.
1314 2863 1383 2927 103.
1406 2862 1494 2925 2Kr.
1518 2864 1625 2925 ardna
1639 2861 1734 2925 roten
1748 2863 1837 2946 {onya
1852 2863 1919 2926 dote

234 2994 259 3045 rt
278 2981 362 3044 rnoiii
380 2981 549 3044 cenomanie
571 2980 716 3041 inritauit
737 2980 883 3053 iuuenem
906 2980 958 3042 cfr.
977 2980 1090 3043 dedeo
1107 2979 1191 3043 Secr.
1209 2983 1279 3059 §ll
1304 2993 1413 3067 qusinte
1438 2982 1551 3066 lenpirrs
1564 2985 1697 3067 peremat
1712 3008 1731 3045 α
1745 2984 1814 3060 sole,
1836 2994 1918 3047 terite

233 3103 346 3185 lonpius
360 3101 551 3175 coniri-atrata,
574 3102 717 3184 quaesito
733 3099 810 3162 illud
827 3098 995 3163 verborum
1011 3100 1085 3163 lusu
1101 3100 1230 3177 dictum.
1252 3142 1287 3149 -—
1312 3107 1330 3184 ξ
1348 3104 1388 3165 46
1410 3103 1471 3164 inin
1488 3104 1579 3184 priua
1601 3103 1633 3166 Μ
1654 3104 1715 3165 ianr
1735 3104 1787 3165 <tin
1808 3104 1852 3183 Ἐς
1879 3104 1918 3168 de

234 3244 297 3307 quo
314 3223 381 3286 loco
397 3226 508 3305 postea
522 3218 653 3283 uberius
671 3220 842 3283 dicendum
857 3226 914 3283 osi.
933 3260 972 3268 —
993 3224 1012 3304 ξ
1030 3224 1256 3285 56*01·trunentu
1272 3224 1304 3287 Μ
1325 3237 1497 3287 orruunerdn
1515 3226 1539 3289 F
1562 3261 1602 3271 ·-
1624 3226 1698 3308 §67
1723 3247 1773 3287 nee
1795 3225 1826 3288 Μ
1846 3226 1917 3288 lutee

235 3342 275 3419 1⁴¹3
298 3365 349 3403 inec
372 3346 407 3404 ut
428 3362 446 3403 o
469 3359 566 3403 vorsu
589 3343 642 3424 qui
666 3341 823 3404 antecedit
845 3360 1011 3424 perperam
1032 3346 1199 3426 repetitum
1222 3344 1356 3408 ‹totiebat
1377 3347 1482 3429 petius
1498 3349 1610 3428 eicere,
1632 3366 1728 3429 quam
1744 3352 1866 3410 mutue
1879 3348 1914 3409 in

234 3461 313 3524 illud
334 3460 414 3535 liner,
438 3459 523 3545 quod
546 3480 610 3524 non
633 3462 695 3523 coit
718 3480 792 3523 cum
814 3479 852 3524 eo
875 3462 960 3544 quod
983 3463 1087 3524 statim
1105 3463 1220 3546 legitur
1234 3464 1333 3525 anau
1347 3463 1442 3526 incius.
1462 3504 1499 3511 ---
1515 3463 1578 3529 Sed
1594 3470 1671 3528 sunt
1684 3468 1781 3529 otiam
1798 3464 1917 3549 quibus

235 3581 437 3645 Florentinus
458 3586 595 3664 praestet
619 3579 819 3662 Monacensi,
851 3580 949 3644 veluti
971 3583 1062 3645 llaec:
1090 3584 1108 3663 ᾖ
1133 3585 1152 3644 2
1182 3585 1272 3645 etiam
1299 3586 1445 3647 remittere
1468 3585 1493 3649 F
1515 3586 1604 3647 etiarn
1624 3585 1737 3648 initiam
1757 3583 1805 3665 Μς
1833 3587 1852 3668 ξ
1876 3586 1915 3648 22

235 3700 392 3764 introbitnn
413 3701 438 3765 F
458 3701 625 3763 vitantium
648 3700 699 3779 M;
719 3704 738 3781 ,t
762 3701 801 3763 35
824 3702 914 3762 rotun
934 3701 958 3764 F
979 3702 1069 3763 rebar
1091 3702 1123 3765 Μ
1144 3704 1235 3764 rodan
1258 3704 1426 3769 llorcorus.
1473 3724 1579 3789 neque
1601 3704 1735 3769 dubium
1756 3710 1815 3787 est,
1836 3708 1916 3789 quin

235 3824 369 3903 §tiore
398 3843 417 3885 a
449 3821 634 3885 Monacensi
660 3827 868 3904 propagatum
893 3841 950 3903 pro
984 3823 1260 3905 interpretamento
1289 3824 1364 3887 olim
1385 3825 1577 3909 adscriptum
1608 3828 1649 3889 sit
1682 3824 1834 3890 vocabulo
1868 3827 1917 3888 in·

235 3944 412 4022 solentiori,
444 3942 530 4025 quod
561 3943 699 4005 serravit
723 3943 925 4007 limentinus
952 3943 1037 4004 ricta
1081 3942 1220 4027 denique
1246 3946 1264 4024 ξ
1286 3945 1325 4007 41
1359 3945 1480 4007 veriora
1501 3950 1577 4009 suut
1608 3966 1689 4029 quae
1711 3945 1862 4029 leguntur
1882 3946 1916 4008 in

234 4062 416 4126 Florentino
437 4073 468 4122 ut
490 4063 539 4123 ira
559 4062 742 4123 innitentur.
766 4110 773 4124 .
799 4110 806 4124 .
818 4063 982 4147 flectantur
1002 4110 1009 4124 .
1033 4110 1040 4124 .
1065 4110 1072 4123 .
1096 4063 1252 4124 innitentur
1277 4111 1283 4125 .
1311 4111 1318 4125 .
1343 4111 1350 4124 .
1372 4064 1543 4127 tentantur.
1626 4047 1912 4148 acciperentur...

233 4183 416 4245 naumann·
448 4230 455 4244 .
480 4230 487 4244 .
512 4229 520 4244 .
552 4181 704 4244 uariantur
733 4202 828 4267 quam
858 4203 912 4263 oa,
947 4203 1029 4266 (luae
1059 4182 1260 4247 Monacensis
1280 4183 1342 4247 fido
1370 4186 1516 4248 nituntur
1536 4196 1562 4248 et
1584 4188 1632 4248 ira
1653 4187 1811 4249 imitantur
1844 4235 1852 4249 .
1876 4234 1883 4249 .
1909 4236 1916 4250 .

225 4302 389 4387 sternuntur
422 4350 429 4364 .
453 4350 460 4363 .
483 4350 490 4363 .
527 4302 689 4364 innitantur
721 4350 728 4363 .
754 4351 761 4364 .
785 4350 792 4364 .
827 4301 974 4365 leniuntur
1007 4349 1014 4363 .
1039 4349 1046 4363 .
1073 4349 1081 4363 .
1116 4303 1299 4364 traicerentur
1333 4352 1340 4365 .
1364 4351 1372 4365 .
1397 4352 1404 4365 .
1440 4305 1565 4367 variant.
1609 4306 1668 4368 hoe
1696 4307 1829 4371 efficitur
1862 4308 1917 4374 illo

235 4422 432 4496 andnuman,
467 4422 551 4505 quod
588 4424 756 4505 utriusque
791 4421 907 4485 codicis
945 4424 1128 4486 testimonie
1162 4422 1312 4487 firmatur.
1369 4445 1443 4488 nam
1475 4427 1503 4488 si
1538 4426 1696 4509 Apuleius
1729 4428 1917 4494 indicativos

232 4542 445 4624 praeuilissot,
463 4562 536 4605 cum
559 4544 654 4606 ceteri
675 4562 732 4625 per
753 4544 855 4625 ipsam
875 4543 1007 4607 formam
1029 4544 1120 4627 proni
1143 4553 1250 4606 essent
1274 4543 1314 4606 ad
1336 4543 1603 4628 depravationem,
1624 4550 1730 4611 umen
1753 4547 1917 4610 audeatur

234 4669 316 4724 certe
341 4682 406 4725 non
431 4663 521 4725 facile
550 4662 670 4725 abisset
698 4664 731 4725 in
759 4661 957 4737 mederentur,
995 4663 1080 4746 quod
1108 4662 1271 4726 indicativi
1302 4664 1434 4728 formam
1469 4687 1533 4729 una
1570 4666 1709 4730 litterula
1739 4667 1915 4750 superabat.

236 4801 322 4844 nune
343 4800 419 4845 rere
443 4781 528 4864 quod
550 4784 762 4845 coniunctius
786 4802 864 4845 usus
887 4788 949 4863 ost,
981 4784 1093 4846 cadem
1114 4784 1153 4847 de
1174 4804 1271 4848 causa
1294 4785 1372 4850 illud
1392 4785 1576 4847 ninlreontnr
1597 4787 1630 4849 in
1652 4793 1787 4872 utreque
1810 4789 1918 4852 codice

235 4901 340 4964 locum
362 4920 458 4964 suum
480 4904 590 4964 tenuit.
632 4905 707 4965 item
730 4903 879 4965 aninmo·
894 4925 912 4966 a
927 4901 1109 4967 Florentino
1130 4903 1213 4967 beno
1236 4905 1287 4967 vel
1310 4911 1469 4969 servatum
1490 4907 1544 4970 rel
1565 4908 1734 4971 inventum
1756 4912 1818 4987 cst3
1841 4928 1917 4973 nam

233 5023 361 5098 variant,
384 5022 602 5088 aMenacensi
617 5023 778 5104 traditum,
800 5025 856 5108 qni
871 5044 926 5108 pro
942 5026 1105 5087 transitivo
1121 5028 1310 5107 usurpatum
1331 5026 1479 5103 defendit,
1499 5028 1746 5092 concinnitatem
1769 5028 1917 5094 adhibitis
