4298 5506
943 325 1195 396 ..31-

199 552 298 603 'esse
320 538 400 600 vidit
421 536 693 599 Wilemowitzins,
740 556 812 599 oum
843 536 875 600 id
905 539 1012 619 ipsum
1043 539 1146 601 statim
1175 536 1267 600 addat
1287 536 1461 618 Apuleius,
1492 534 1575 618 qnod
1606 532 1728 597 dubitat
1758 529 1915 616 quomodo

228 657 395 721 dicendum
419 659 477 736 sit,
509 680 579 716 num
600 658 754 739 particulo
776 677 838 739 quo
868 661 1128 740 argumentamur
1148 657 1253 719 loenm
1276 653 1465 717 nonhabet.
1495 689 1527 698 -
1554 655 1572 734 ‘g'
1598 654 1639 716 14
1657 654 1691 715 in
1716 653 1767 715 his
1789 674 1916 736 quornm

228 778 258 838 in
280 800 299 837 n
310 799 327 835 ιι
336 797 435 836 nior-o
462 774 596 836 sordidi
616 776 768 836 (irretierint
794 775 939 860 proniore]
963 777 1021 837 site
1043 776 1193 838 nerninem
1222 772 1255 836 in
1276 776 1335 836 duo
1358 797 1455 836 uorsus
1476 775 1514 835 eb
1536 774 1639 835 It'nnie
1662 772 1790 834 coartati
1817 770 1915 835 malui

228 917 349 957 ueniere
379 895 543 958 soolndero
575 915 670 977 quem
701 895 840 959 lleroero
869 899 995 960 auctore
1024 918 1177 958 retrone-roso
1212 895 1357 959 seribere.
1410 894 1494 977 qnod
1527 896 1597 978 ipse
1628 893 1785 977 positione
1816 892 1917 975 potnit

227 1016 353 1080 Ennius
376 1014 543 1078 duodecim
564 1016 695 1078 nomina
715 1014 840 1078 duobus
862 1013 1009 1079 versibus
1034 1034 1199 1095 coercere,
1229 1016 1360 1078 miratur
1382 1014 1558 1098 Apuleium
1591 1032 1794 1077 numerosam
1816 1011 1916 1074 fuisse

228 1155 300 1200 eam
321 1136 488 1197 nominum
511 1134 748 1197 eollooationem
772 1155 836 1198 non
859 1135 931 1197 feeit
958 1133 997 1197 nd
1016 1136 1192 1197 sententiae
1215 1134 1341 1219 pondus
1363 1132 1555 1217 augendum.
1581 1131 1745 1197 --Simili
1766 1134 1843 1195 vitio
1866 1131 1915 1195 bis

229 1256 395 1338 inquinata
418 1259 494 1316 sunt
515 1255 591 1317 haee
615 1258 633 1334 ,ξ
659 1255 697 1316 18
728 1255 845 1315 inlesum
872 1255 961 1337 epitom
981 1252 1058 1317 lieno
1078 1256 1172 1319 loourn
1188 1254 1276 1339 ‘feei
1283 1277 1302 1313 α
1310 1277 1341 1314 ιιι
1364 1300 1371 1314 .
1395 1301 1402 1314 .
1423 1300 1430 1313 .
1454 1252 1598 1336 [focium]
1621 1252 1707 1314 *robes
1726 1252 1915 1314 rrwddrerr'tn-

230 1383 288 1436 teni
315 1395 408 1435 memo
439 1371 492 1456 [in]
521 1372 604 1455 &nipe
629 1375 836 1454 operiuntur·
866 1376 994 1456 receptui
1022 1399 1137 1436 (norrun.
1181 1373 1326 1439 Rehdius
1358 1375 1444 1437 enim
1467 1373 1566 1436 multe
1588 1372 1782 1458 probabilius
1797 1372 1918 1456 faeiem

231 1492 358 1556 excludi
387 1512 482 1575 quam
504 1515 539 1551 αι·
562 1492 623 1552 inm
643 1511 717 1554 enm
749 1491 889 1556 lloroero
913 1493 974 1577 legi
997 1494 1092 1573 vidit;
1124 1501 1155 1558 at
1180 1496 1264 1558 idem
1296 1514 1360 1558 non
1390 1493 1524 1558 dobobot
1549 1492 1627 1556 illnd
1655 1494 1686 1554 in
1713 1496 1918 1574 transponere

229 1594 302 1675 ente
324 1611 427 1705 rotie,
457 1611 541 1695 quod
562 1613 673 1674 morito
695 1614 804 1675 iterato
825 1633 842 1675 e
864 1598 961 1675 bream
987 1616 1174 1697 pronomine
1197 1620 1339 1679 extrema
1360 1615 1462 1678 littero
1484 1619 1586 1677 ortum
1609 1632 1680 1675 esso
1704 1610 1918 1676 Goldbeohero

230 1732 337 1795 visum
355 1737 411 1794 est.
457 1731 542 1793 idem
565 1731 680 1794 sustuli
702 1732 720 1810 ξ
745 1733 783 1795 50
813 1734 846 1794 in
873 1732 922 1795 his
948 1734 1001 1816 qni
1026 1734 1080 1795 ribi
1104 1744 1190 1817 praeut
1216 1745 1279 1795 uon
1309 1734 1362 1818 [in]
1391 1735 1511 1796 seriniis
1543 1746 1605 1795 tion
1632 1734 1722 1816 siquis
1744 1780 1752 1795 .
1776 1779 1784 1794 .
1809 1778 1816 1793 .
1837 1730 1920 1793 oriola

231 1872 446 1911 averruncare:
475 1870 550 1913 num
572 1860 626 1914 out
648 1852 883 1915 excludendum
906 1859 960 1916 ant
982 1858 1054 1916 onte
1077 1855 1178 1936 signis
1199 1855 1410 1938 repetendmn
1437 1859 1492 1917 ost.
1513 1892 1551 1900 -
1584 1856 1602 1934 ,b
1625 1857 1665 1918 24
1687 1853 1784 1936 uulgo
1806 1853 1921 1935 legitur

231 1982 263 2033 ot
284 1972 382 2033 enim
406 2020 413 2033 .
438 2020 444 2033 .
469 2021 476 2033 .
494 1984 586 2055 poter·
614 1986 679 2035 turis
708 1974 761 2035 lieo
788 1975 851 2037 iure
874 1975 1001 2037 iorni-ndo
1034 1977 1075 2037 uti
1097 1986 1220 2058 pete-rot
1243 2022 1250 2036 .
1274 2020 1282 2035 .
1307 2022 1314 2036 .
1338 1986 1369 2035 et
1392 1973 1493 2058 [enirn]
1518 2022 1524 2035 .
1552 2022 1560 2035 .
1588 2021 1595 2034 .
1618 1975 1683 2058 quis
1699 1994 1761 2055 pro
1792 1982 1818 2033 te
1849 1971 1920 2033 dero

224 2093 321 2177 flrlem
343 2092 441 2154 ‹lio-et?
463 2096 496 2157 in
517 2095 567 2156 liis
589 2095 723 2157 altorum
745 2096 822 2156 ιιιιῖιιι
845 2095 947 2158 delevi
971 2094 1120 2158 Vulsonii
1145 2096 1317 2160 editionem
1342 2099 1479 2158 secutus.
1525 2096 1626 2177 exigit
1648 2095 1734 2157 enim
1756 2093 1808 2157 hie
1829 2093 1918 2155 loeus

233 2213 411 2297 simplicem
437 2216 680 2296 oppositionem.
705 2253 745 2261 —-
773 2214 871 2278 Paulo
901 2222 972 2299 post
999 2217 1079 2296 §25
1107 2217 1250 2279 oediemn
1280 2217 1433 2278 memorio
1464 2215 1541 2278 haee
1570 2218 1619 2276 est
1650 2237 1721 2274 nam
1741 2224 1766 2275 et
1788 2214 1832 2275 ιἰιι
1854 2213 1916 2275 io-

232 2332 398 2393 randum
427 2332 505 2394 Iusti
534 2332 718 2417 [ineundum]
743 2334 867 2408 (ticino,
902 2345 930 2395 nt
953 2335 996 2395 eit
1018 2334 1145 2397 Interius.
1196 2334 1326 2417 Lipsius
1347 2343 1378 2399 et
1399 2334 1564 2416 BrantiuS,
1591 2353 1664 2397 eum
1686 2335 1721 2396 in
1743 2335 1811 2396 suis
1834 2332 1918 2395 cudi-

233 2449 324 2514 cibus
347 2451 427 2514 nihil
448 2453 630 2515 invenirent
646 2454 710 2515 nisi
733 2476 803 2514 ircim
830 2465 855 2515 et
880 2455 924 2514 ius
949 2454 1109 2515 noandum
1140 2454 1264 2530 (licitur,
1294 2454 1440 2538 legerunt
1471 2455 1546 2515 Iovis
1568 2452 1747 2527 ineundum,
1782 2452 1813 2515 id
1837 2451 1919 2535 qued

234 2590 293 2655 ego
317 2571 413 2634 altero
436 2571 598 2632 inpenditur
620 2579 779 2656 exponeto
801 2575 996 2655 recuperari.
1028 2594 1121 2655 nomm
1136 2582 1169 2637 ut
1191 2578 1342 2639 emittam.
1357 2577 1399 2638 ite
1414 2575 1473 2638 hee
1488 2574 1585 2637 Ennii
1599 2573 1811 2656 fragmentum
1835 2571 1919 2655 apnd

236 2690 298 2755 Cio.
322 2690 361 2755 de
384 2693 433 2756 off.
451 2692 511 2772 in,
531 2695 581 2775 29,
607 2695 667 2756 104
693 2696 843 2776 seriptum
873 2714 963 2758 esso:
996 2698 1067 2777 quis
1095 2714 1246 2778 nmquam
1267 2693 1484 2758 Romanorum
1506 2714 1561 2778 pro
1587 2697 1655 2757 inre
1682 2691 1816 2757 iurando
1840 2691 1922 2754 d'mit

237 2810 314 2874 loeis
335 2812 521 2874 iurandum?
544 2814 641 2896 qnid?
664 2815 749 2911 qnod
770 2816 864 2878 otiam
886 2827 912 2875 et
933 2815 1096 2898 particulo,
1119 2816 1146 2876 si
1162 2834 1239 2877 voro
1256 2818 1342 2878 esset
1356 2814 1500 2877 codicum
1518 2815 1620 2895 lectio,
1641 2812 1720 2876 falso
1735 2812 1804 2875 loco
1819 2811 1922 2894 posite

237 2938 338 3012 esset3
370 2936 404 2995 nt
425 2935 583 2995 sententia
603 2938 686 2996 reete
708 2934 907 3016 procederet,
936 2939 1008 2997 ante
1032 2934 1106 2997 neu
1128 2933 1361 3018 transponenda
1382 2939 1474 2997 esset.
1509 2973 1547 2980 --
1580 2934 1659 3016 531
1684 2935 1727 2996 ito
1749 2929 1920 3014 legendum

235 3070 307 3115 esse
328 3070 445 3115 censeo
471 3052 523 3136 proi
543 3074 628 3113 oros
657 3053 722 3114 aeri
743 3054 896 3128 (strideret,
919 3054 1035 3137 fulsum
1064 3054 1221 3116 sordentum
1248 3053 1433 3115 inmitissimo
1455 3054 1585 3123 rimeris·
1615 3055 1727 3138 qnippe
1752 3053 1823 3138 poio
1852 3055 1920 3135 (que

237 3170 337 3250 codd.)
361 3170 451 3255 [ores]
474 3170 557 3232 irretio
583 3171 786 3235 oorurnrdtra
809 3171 932 3256 Olpnipi
954 3174 1086 3235 vorticem
1106 3173 1291 3236 siiblo'metnr.
1337 3194 1402 3237 uon
1424 3175 1507 3237 coire
1529 3196 1689 3257 pertineres
1711 3178 1742 3237 et
1762 3172 1844 3234 trullo
1866 3194 1918 3234 eo-

237 3313 304 3351 rum
338 3310 450 3354 omnes
479 3295 629 3354 sentiunt.
675 3311 748 3375 ergo
778 3312 883 3374 nuper·
909 3294 1073 3358 Koziolins
1104 3298 1135 3357 in
1165 3294 1288 3376 ephem.
1318 3312 1426 3377 gymn.
1455 3295 1610 3357 Austriso.
1639 3313 1666 3356 a.
1692 3293 1772 3356 1877
1803 3313 1832 3375 p.
1859 3292 1919 3356 750

237 3413 372 3474 ooniooit
398 3434 549 3495 quaequae
570 3413 621 3475 vol
647 3435 834 3496 quaecunque
860 3435 926 3473 ‹zi-ns
953 3423 1034 3485 saort,
1060 3431 1174 3494 parum
1198 3411 1274 3475 illud
1305 3411 1433 3493 quidem
1458 3411 1497 3474 ed
1520 3411 1777 3494 persuadendum
1798 3430 1920 3474 acoem-

237 3529 399 3593 modatnm
430 3534 556 3614 proptor
588 3532 745 3614 duplieom
782 3551 877 3614 quem
912 3533 1019 3595 statuit
1051 3533 1180 3595 histum.
1225 3532 1309 3595 houd
1338 3532 1419 3595 mole
1448 3532 1523 3594 olim
1551 3531 1710 3595 Mereerus
1747 3554 1822 3616 qnae
1855 3554 1921 3594 noes

237 3652 376 3715 seclusit.
420 3658 451 3714 at
473 3653 625 3734 quoniam
648 3672 717 3715 non*
735 3674 810 3736 poue
831 3674 897 3712 αιιιι
918 3651 1090 3735 praeeedit,
1122 3651 1178 3713 sed
1198 3649 1250 3734 poi
1269 3670 1352 3723 ores,
1379 3650 1487 3712 neseio
1510 3669 1551 3712 an
1574 3648 1768 3731 probabilius
1793 3653 1833 3714 sit
1857 3649 1921 3713 Ou-

238 3771 409 3855 dendorpio
436 3776 467 3833 et
491 3770 717 3835 Hildebrondio
748 3771 928 3835 auctoribus
955 3793 1025 3833 <neo
1051 3776 1173 3834 tontum
1204 3769 1346 3832 omittere
1375 3772 1406 3831 et
1428 3769 1498 3852 poio
1520 3789 1681 3853 reponere.
1727 3790 1922 3853 quemqnam

240 3890 351 3974 qnippe
372 3889 444 3973 quio
466 3908 595 3972 prorsus
624 3893 706 3953 certo
732 3889 817 3970 apud
839 3890 1012 3972 Apuleium
1033 3889 1180 3972 exemplo
1204 3908 1268 3951 non
1289 3888 1437 3952 firmatur.
1485 3909 1558 3952 nam
1580 3910 1645 3954 uno
1667 3891 1736 3954 loeo
1758 3912 1822 3975 quo
1844 3892 1922 3977 legi·

238 4012 300 4090 tur,
328 4010 361 4071 in
383 4010 463 4092 apol.
487 4030 512 4071 o.
538 4010 578 4071 20
599 4030 628 4092 p.
653 4011 703 4091 29,
731 4014 749 4071 5
772 4009 826 4072 Kr.
858 4011 969 4094 quippe
998 4009 1069 4094 puio
1103 4008 1204 4090 inopie
1231 4006 1389 4083 (derideris,
1422 4008 1572 4090 opulentia
1592 4009 1723 4092 fastidio
1752 4023 1921 4088 serviuntur,

240 4128 365 4191 codices
389 4126 540 4190 exhibent
563 4128 623 4211 poi,
646 4130 716 4211 prio
739 4129 873 4193 coniecit
896 4127 1112 4191 Casaubonns.
1138 4166 1176 4173 -
1199 4130 1276 4208 §42
1299 4129 1469 4192 editionem
1491 4128 1675 4193 Oolrianam
1696 4136 1825 4195 secutus
1849 4133 1919 4216 lego

240 4271 276 4310 es
297 4247 341 4310 ln's
362 4249 490 4332 prolique
511 4272 605 4332 potue
627 4249 852 4310 venenosior-ori
870 4249 928 4309 trio
951 4271 970 4309 e
985 4248 1140 4330 principio
1162 4248 1261 4309 sontem
1285 4249 1382 4333 lquor]
1408 4249 1567 4324 nobiseum,
1589 4261 1728 4333 quartum
1744 4253 1920 4333 proprioru,

235 4377 420 4449 postremum
441 4389 592 4428 commune
612 4391 678 4428 oum
707 4368 764 4428 dits
783 4366 997 4429 bernortolr'bus
1018 4366 1132 4429 turbent.
1178 4388 1252 4431 nam
1268 4369 1316 4449 ei,
1339 4370 1393 4451 qui
1416 4368 1518 4430 eninm
1539 4392 1614 4452 puae
1635 4370 1807 4454 tradiderint]
1830 4376 1922 4435 tuen·

241 4490 302 4568 tur,
323 4506 388 4550 non
411 4488 702 4551 aninmdvertonmt
724 4489 814 4570 soqni
837 4486 961 4560 Ιιαῦιιιτς
980 4487 1063 4570 quod
1083 4507 1139 4570 pro
1161 4480 1242 4549 nobb
1265 4490 1407 4572 exigeret
1429 4510 1489 4551 nos.
1534 4508 1570 4552 ae
1590 4509 1631 4552 ne
1645 4489 1725 4553 illud
1747 4493 1922 4575 Augustini

242 4608 281 4673 do
303 4611 362 4672 eiu.
390 4609 441 4672 dei
463 4606 552 4689 vni,
575 4607 612 4668 le
643 4609 823 4671 testimonio
846 4607 1004 4670 firmatum
1032 4612 1156 4688 putent:
1183 4608 1210 4668 is
1239 4606 1393 4672 dissolute
1422 4608 1543 4690 periodi
1570 4608 1818 4674 conformatione
1844 4611 1922 4676 haee

241 4727 337 4792 habet
363 4729 468 4793 dorum
493 4727 706 4811 scrupuloque
733 4726 791 4787 trio
814 4727 925 4808 priore
945 4725 1002 4787 illes
1023 4749 1104 4787 esso
1126 4747 1201 4809 pnoe
1220 4727 1315 4800 nebim
1343 4738 1483 4812 quertino
1499 4730 1679 4811 preprium,
1709 4730 1843 4815 quiritum
1864 4755 1923 4795 eos

242 4870 308 4911 erim
336 4849 394 4911 dits
421 4848 558 4911 loedere
586 4871 745 4909 eonomine.
790 4854 897 4911 contra
919 4845 992 4909 vide
1021 4866 1102 4929 quse
1132 4846 1216 4908 idem
1238 4845 1304 4925 IX,
1329 4847 1367 4909 13
1398 4848 1523 4930 scripsit
1549 4850 1609 4910 trie
1637 4849 1712 4911 <liert
1743 4873 1788 4912 eos
1816 4850 1923 4915 turbere

206 5046 213 5055 μ
244 4968 394 5031 rtodr'seum
415 5016 422 5030 .
446 5016 453 5030 .
478 5015 486 5030 .
509 5007 549 5015 -
572 4970 590 5050 ἕ
612 4970 653 5031 49
675 4970 709 5031 in
736 4968 785 5030 his
808 4990 842 5029 er
863 4966 918 5029 bae
941 5014 948 5028 .
973 5014 980 5028 .
1004 5013 1011 5027 .
1035 4967 1211 5030 ‹leornomon
1239 4968 1326 5048 copia
1348 4966 1437 5030 Pluto
1459 4978 1593 5030 autumet
1615 4969 1736 5052 serpullo
1756 4969 1922 5034 dominibus
