4298 5506
947 266 1203 336 ..29-

227 483 390 565 praesepio
419 482 544 565 repedet.
589 481 642 544 cfr.
677 480 758 560 §27
775 500 835 560 per·
861 477 912 541 los
933 479 1048 541 eosdem.
1071 525 1078 539 .
1104 526 1111 539 .
1136 525 1144 540 .
1167 499 1266 540 omines
1289 525 1296 540 .
1318 525 1326 539 .
1351 479 1608 561 ,praesagiorum
1631 479 1740 561 qaenam
1761 489 1912 562 reparatur.

231 640 272 650 -
288 600 449 665 Postremo
472 602 548 682 §64
567 601 678 684 scripsi
699 601 730 660 iu
751 619 875 680 corpere
896 597 922 658 si
943 607 982 658 est
1005 597 1052 678 (sit
1070 598 1172 675 codd.)
1193 607 1332 678 aequum
1352 607 1451 678 coptu.
1481 617 1567 661 nuris
1587 599 1674 661 cuim
1689 600 1912 663 conlunctivus

231 724 313 785 inter
337 724 382 784 tot
408 720 597 784 indicatires
622 725 654 783 et
678 717 899 782 antecedentes
929 721 961 778 et
987 715 1220 798 subsequentes
1247 716 1373 781 tolerari
1400 720 1520 801 nequit
1570 718 1637 781 diri
1669 718 1708 781 de
1740 719 1912 783 litterarum

230 843 313 905 inter
334 859 369 903 se
391 838 686 923 permutationibus.

356 956 414 1023 ΠΙ.
459 958 554 1023 Nunc
586 955 836 1040 compendiis
871 954 1104 1017 litterarum
1132 954 1195 1017 rel
1235 955 1487 1036 syllabarum
1514 956 1620 1020 falso
1653 957 1718 1020 viel
1752 957 1913 1020 omissis

229 1081 295 1144 vel
321 1079 468 1144 additis
500 1096 744 1161 nonnumquam
774 1077 867 1138 ctiam
896 1077 930 1137 in
959 1074 1009 1136 his
1032 1072 1193 1136 codicibus
1222 1077 1396 1139 orationem
1418 1076 1620 1140 deformatam
1642 1095 1714 1140 esse
1737 1075 1911 1141 ostendam.

229 1205 290 1282 ita,
318 1204 353 1264 ut
374 1217 412 1263 oa
434 1198 581 1280 exempla
601 1197 763 1280 colligam,
792 1193 967 1276 dequibus
992 1195 1056 1258 iam
1083 1193 1172 1257 nulla
1194 1193 1347 1258 dubitatio
1370 1200 1436 1278 est,
1467 1196 1671 1277 factumest,
1702 1200 1739 1259 nt
1760 1196 1938 1278 scriptam·

231 1323 374 1405 legamus
397 1319 416 1402 ξ
439 1319 458 1382 2
480 1318 585 1400 opibus
607 1336 663 1401 pro
690 1315 809 1395 opilius,
840 1316 858 1394 ξ
882 1315 901 1375 5
929 1293 1141 1377 ‹desiderabaui
1165 1335 1220 1402 pro
1252 1314 1478 1398 desiderabam,
1507 1317 1525 1397 ξ
1552 1317 1590 1378 21
1618 1316 1835 1378 contuminetur
1856 1334 1912 1398 pre

231 1445 464 1516 ‹tantomindtur,
493 1442 511 1522 ξ
543 1440 582 1500 33
605 1435 798 1519 ieamer-ande
828 1436 1029 1515 (tempera-nde
1053 1435 1097 1510 Μ)
1126 1440 1145 1501 i.
1171 1456 1197 1501 e.
1227 1435 1438 1516 temperandae
1463 1455 1519 1518 pro
1547 1435 1743 1517 mapa-anda
1764 1447 1797 1512 i,
1830 1436 1912 1518 §40

229 1588 298 1627 tacu
328 1583 385 1648 pro
413 1572 497 1635 dues,
528 1561 547 1640 ξ
577 1559 618 1620 45
643 1557 776 1638 possidet
802 1578 857 1641 pro
878 1556 1028 1638 pessula,
1058 1556 1141 1636 §48
1172 1540 1283 1617 curaui
1308 1575 1364 1640 pro
1393 1565 1515 1631 carana,
1544 1556 1562 1637 ᾖ
1587 1556 1626 1618 52
1653 1568 1829 1638 spectatores
1857 1578 1912 1642 pro

229 1689 427 1765 spectatores,
456 1679 535 1763 §58
560 1678 706 1760 increpita
736 1675 908 1738 inclinatum
939 1696 1040 1737 acriora
1061 1677 1216 1738 retinenda
1237 1695 1292 1759 pre
1323 1675 1468 1757 increpitu
1490 1675 1678 1758 iaadqnatmn
1700 1677 1845 1740 Amorem
1864 1699 1913 1740 re·

227 1801 359 1865 dueudc.
404 1806 498 1882 atque
520 1797 631 1861 eodem
662 1797 755 1860 modo
786 1794 1015 1879 explicandum
1039 1797 1104 1875 est,
1133 1796 1160 1856 si
1190 1795 1284 1858 modo
1313 1813 1389 1859 vere
1410 1795 1428 1877 ᾖ
1453 1795 1491 1858 61
1515 1794 1579 1859 tube
1600 1796 1716 1881 legitur
1736 1818 1792 1882 pro
1814 1796 1915 1860 tatae

228 1923 249 1985 i.
275 1940 301 1983 e.
326 1918 402 1983 tabe.
445 1924 563 1981 utnon
597 1919 776 1997 invonitur,
813 1916 847 1977 ui
876 1914 982 1996 fallor,
1015 1914 1076 1978 talo
1103 1914 1200 1978 huius
1230 1916 1318 1979 vocis
1352 1917 1587 1998 compendium.
1633 1936 1707 2002 ergo
1737 1919 1845 1982 nescio
1871 1938 1912 1982 an

229 2038 471 2137 praeferendum
493 2039 533 2100 sit
553 2037 679 2111 rubore,
711 2035 795 2119 qnod
822 2054 888 2098 nen
919 2035 1023 2098 solum
1052 2034 1260 2118 sequentibus
1288 2035 1341 2098 aad
1360 2058 1419 2098 raon
1435 2035 1532 2117 podet
1554 2083 1562 2097 .
1585 2084 1593 2099 .
1617 2084 1624 2099 .
1647 2060 1699 2100 uec
1713 2038 1810 2120 pudet
1827 2058 1913 2104 cem-

230 2159 412 2241 mendatur,
424 2176 545 2247 'rerum
566 2159 660 2220 etiam
684 2158 804 2240 gratam
826 2154 921 2218 efficit
940 2154 1157 2238 gradationem
1178 2154 1217 2219 ab
1239 2156 1340 2219 animi
1357 2157 1586 2239 vituperatione
1608 2157 1647 2221 ad
1670 2159 1909 2242 turpitudinem,

204 2262 250 2344 'a
271 2279 464 2363 turpitudine
486 2278 524 2341 ad
545 2275 702 2340 ruborem.
738 2276 791 2338 cfr.
815 2273 937 2338 Seneca
958 2274 997 2337 de
1019 2274 1121 2339 benef.
1137 2274 1180 2358 II,
1194 2277 1259 2357 8,2
1281 2276 1452 2359 beneficium
1472 2298 1532 2338 aea
1553 2287 1603 2352 est,
1621 2277 1704 2340 cuius
1722 2278 1784 2340 aare
1805 2278 1913 2342 ardore

227 2398 392 2462 imminete
417 2419 478 2459 uon
499 2417 634 2477 possam.
658 2432 698 2442 -
718 2393 778 2457 His
808 2397 914 2457 autam
944 2395 1100 2479 exemplis
1130 2394 1228 2459 fretas
1254 2398 1350 2460 etiam
1371 2396 1449 2461 haec
1471 2398 1597 2461 novavi.
1643 2397 1911 2482 §ablegandum

228 2538 300 2584 esse
322 2535 439 2582 censeo
456 2516 584 2578 cer-nitar
606 2515 707 2596 (carrd
722 2513 755 2577 M
768 2514 906 2576 deamat
921 2512 966 2595 F).
1013 2533 1087 2577 nam
1109 2517 1181 2597 quis
1204 2515 1316 2578 cerradi
1338 2513 1514 2599 Platonem,
1537 2519 1571 2580 rii
1591 2516 1691 2598 fallor,
1712 2518 1909 2603 intellegunt

228 2639 358 2718 iniuria;
390 2655 466 2700 nam
495 2637 554 2698 hoc
584 2636 745 2698 siveram
772 2637 872 2713 esset,
898 2632 953 2696 illa
973 2654 1048 2716 quae
1077 2644 1103 2695 et
1128 2634 1195 2716 qaae
1215 2655 1272 2718 pro
1303 2638 1483 2701 accusativo
1504 2656 1570 2701 non
1590 2637 1683 2701 mode
1707 2637 1746 2702 de
1770 2637 1912 2719 Quiete

230 2768 354 2821 natam
376 2756 433 2820 sed
455 2757 550 2820 etium
572 2755 611 2818 de
639 2754 695 2816 loci
714 2752 887 2815 disci-treione
914 2753 1095 2836 accipienda
1123 2759 1238 2818 essent
1283 2757 1335 2818 cui
1362 2757 1610 2839 interpretationi
1636 2758 1734 2820 totius
1755 2757 1817 2820 loci
1839 2775 1912 2820 seu·

230 2854 425 2942 teutia'adeo
447 2879 618 2959 repugnat,
642 2877 679 2937 ut
707 2873 763 2936 illa
789 2872 828 2935 de
859 2877 989 2936 naturae
1017 2878 1138 2938 tanturn
1166 2874 1320 2960 dignitate
1346 2873 1429 2939 dicta
1456 2895 1529 2939 esse
1556 2880 1640 2940 certo
1662 2879 1779 2942 certius
1799 2879 1848 2941 sit.
1870 2914 1911 2924 -

229 2998 312 3080 §34
337 2995 370 3060 id
402 2993 488 3079 quod
516 2996 669 3076 scriptum
696 2996 745 3056 est
772 3013 808 3054 ae
837 2991 880 3052 ad
907 2992 1027 3076 inferno
1049 2993 1288 3076 praeopimum
1316 3000 1439 3077 menet,
1467 3001 1505 3060 ut
1531 2999 1566 3060 in
1592 2997 1736 3080 opposite
1768 2994 1910 3060 membru

229 3114 339 3179 Calvio
360 3118 485 3177 auctore
505 3113 650 3196 legamus
671 3134 707 3174 ae
727 3112 769 3172 ad
790 3133 920 3193 superna
948 3112 1118 3174 amendant
1147 3115 1167 3175 i.
1191 3131 1217 3175 e.
1240 3113 1382 3189 inscidat,
1414 3134 1432 3179 e
1455 3135 1518 3198 que
1539 3117 1655 3179 factum
1678 3107 1779 3184 estin
1801 3114 1910 3179 Mona·

228 3235 319 3299 censi
343 3233 489 3306 incedant,
509 3233 544 3294 in
568 3231 749 3294 Florenn'ne
780 3232 904 3325 aeona
927 3269 968 3278 ·-
998 3235 1016 3313 ξ
1041 3233 1080 3295 37
1107 3232 1147 3295 ad
1173 3236 1363 3298 sententiam
1394 3253 1472 3298 sane
1494 3236 1764 3300 accommodatum
1785 3239 1834 3299 est
1852 3235 1913 3297 aiei

230 3354 368 3417 daridis
387 3353 511 3434 speciem
532 3352 578 3412 sui
597 3351 738 3434 effeceram
767 3350 822 3413 sed
851 3371 924 3413 cum
947 3351 1070 3415 codices
1092 3351 1225 3435 prodant
1244 3351 1344 3436 offert,
1371 3350 1541 3437 legendum
1563 3373 1635 3419 esse
1656 3360 1783 3440 apparet
1810 3353 1911 3437 offert

231 3477 251 3538 i.
275 3494 302 3538 e.
323 3473 459 3558 offerunt.
484 3509 523 3518 —-
544 3472 562 3552 ξ
585 3473 625 3533 42
647 3470 864 3533 definitionem
891 3471 1082 3534 daemonum
1108 3471 1230 3535 absolvi
1252 3474 1348 3536 etiam
1368 3475 1573 3558 Augustinus
1604 3475 1644 3539 de
1665 3476 1726 3538 cir.
1748 3475 1799 3539 dei
1821 3472 1910 3557 VIII,

233 3597 271 3660 16
292 3595 426 3660 indicat:
450 3593 573 3655 brerriter
595 3602 702 3666 auten,
724 3593 838 3674 inquit,
860 3613 906 3652 eos
927 3590 1068 3676 <definiens
1088 3592 1130 3653 ait
1151 3593 1306 3655 mentones
1328 3614 1387 3656 esse
1402 3615 1507 3676 parcre
1526 3593 1682 3657 asianam.
1713 3595 1793 3659 nihil
1814 3596 1910 3678 igiuu

231 3718 338 3801 magni
359 3713 554 3778 moliendum
577 3716 626 3776 est
647 3713 763 3775 inillis
786 3732 867 3795 quae
889 3713 1041 3776 mendosa
1063 3716 1097 3776 in
1116 3714 1278 3778 codicibus
1300 3719 1481 3778 exstantia
1501 3715 1560 3793 (irie
1581 3715 1829 3798 compediendum,
1853 3715 1910 3779 sed

231 3837 363 3920 prusiae
384 3834 554 3918 legendnm
568 3833 633 3916 flue
650 3834 670 3896 i.
695 3852 720 3895 c.
744 3833 951 3917 definitionem
996 3834 1048 3897 cir.
1072 3833 1202 3909 Quintil.
1224 3838 1299 3899 inst.
1323 3842 1397 3900 orat.
1421 3835 1462 3919 ΙΙ,
1487 3837 1535 3918 15,
1559 3837 1687 3920 {induem
1710 3836 1784 3900 artu
1805 3845 1911 3897 teram

231 3954 449 4038 comprehendit
474 3954 571 4016 (diceus
597 3976 656 4017 esse
682 3954 844 4017 elector-teca
865 3951 1073 4035 persuadendi
1097 3952 1250 4038 opificium
1278 3953 1397 4018 ibidem
1425 3953 1468 4035 Π,
1490 3954 1540 4035 15,
1562 3954 1581 4016 6
1604 3960 1636 4018 et
1656 3953 1740 4018 alibi.
1765 3955 1844 4035 —·§
1868 3954 1908 4017 53

232 4078 344 4161 scripsi
365 4076 449 4160 qued
473 4075 592 4159 tlagitat
622 4077 778 4139 sententia
803 4075 889 4156 apud
915 4073 1055 4136 Aulidem
1084 4066 1240 4136 desidibus
1285 4074 1337 4138 cfr.
1360 4080 1434 4138 met.
1456 4073 1483 4157 Ι,
1506 4077 1547 4138 24
1568 4076 1654 4156 apud
1674 4073 1807 4137 Allienus
1828 4073 1908 4136 Atti-

232 4220 297 4271 cas3
319 4197 358 4260 de
380 4197 483 4281 dogm.
506 4193 584 4259 Plat.
608 4195 634 4277 I,
658 4199 673 4259 1
695 4194 781 4278 opud
809 4194 940 4265 Ilelum3
970 4193 1049 4276 apel.
1073 4212 1097 4256 c.
1122 4194 1161 4255 87
1183 4211 1215 4274 p.
1240 4192 1291 4272 97,
1313 4192 1332 4254 6
1353 4191 1409 4255 Kr.
1432 4192 1518 4275 apud
1542 4192 1659 4265 villana·
1688 4199 1761 4255 met.
1784 4191 1844 4274 IX,
1868 4194 1907 4256 10

232 4313 318 4395 apzad
331 4314 406 4398 faui
425 4314 593 4375 (boarium.
638 4314 724 4397 qued
744 4314 868 4377 codices
884 4310 1038 4376 exhibent
1058 4312 1096 4374 ab
1111 4310 1211 4374 aalide
1225 4318 1328 4376 ortum
1351 4332 1423 4376 esse
1445 4313 1571 4378 videtur
1591 4332 1635 4376 ex
1658 4317 1730 4392 apd
1743 4311 1854 4378 adice.
1866 4351 1907 4360 -

233 4438 339 4519 Atque
365 4434 502 4516 ibidem,
530 4455 571 4498 ne
595 4433 729 4498 verbum
757 4435 896 4516 deesset,
922 4431 1139 4516 Kiesslingius
1165 4433 1369 4514 capicraudue
1396 4432 1533 4517 perbene
1564 4434 1709 4499 distraxit
1738 4439 1772 4501 in
1804 4437 1907 4519 amito-

232 4557 332 4618 aenda
354 4564 371 4620 ἓ
392 4555 411 4617 i.
434 4574 461 4618 e.
485 4563 535 4616 eat.

360 4678 415 4740 IV.
459 4675 520 4741 His
547 4673 700 4738 absolutis
729 4674 896 4737 veniamus
927 4671 1026 4736 adid
1056 4673 1243 4736 mendorum
1270 4691 1393 4758 genus,
1425 4676 1511 4757 quod
1542 4684 1666 4744 constat
1696 4681 1907 4749 vocabulis

234 4806 303 4863 aut
324 4796 614 4862 vocabulorum
644 4794 858 4878 particulis
880 4811 1086 4877 perperam
1107 4789 1171 4855 bis
1196 4795 1399 4875 exaratis3
1422 4799 1507 4877 qued
1530 4799 1757 4884 dittographiae
1777 4807 1907 4867 nomine

235 4921 385 4984 dictitant
417 4917 536 5001 duplex
559 4923 666 4981 autem
688 4917 759 4979 eins
781 4917 868 4998 origo
890 4917 952 4992 est3
976 4933 1113 4996 namquo
1136 4916 1282 4982 librarius
1304 4918 1405 4982 acuile
1425 4917 1576 4985 aberrans
1592 4926 1647 4985 aut
1660 4941 1742 5004 quae
1758 4926 1908 4988 secuntur
